%YAML 1.1
%TAG !u! tag:unity3d.com,2011:
--- !u!29 &1
OcclusionCullingSettings:
  m_ObjectHideFlags: 0
  serializedVersion: 2
  m_OcclusionBakeSettings:
    smallestOccluder: 5
    smallestHole: 0.25
    backfaceThreshold: 100
  m_SceneGUID: 00000000000000000000000000000000
  m_OcclusionCullingData: {fileID: 0}
--- !u!104 &2
RenderSettings:
  m_ObjectHideFlags: 0
  serializedVersion: 7
  m_Fog: 0
  m_FogColor: {r: 0.5, g: 0.5, b: 0.5, a: 1}
  m_FogMode: 3
  m_FogDensity: 0.01
  m_LinearFogStart: 0
  m_LinearFogEnd: 300
  m_AmbientSkyColor: {r: 0.212, g: 0.227, b: 0.259, a: 1}
  m_AmbientEquatorColor: {r: 0.114, g: 0.125, b: 0.133, a: 1}
  m_AmbientGroundColor: {r: 0.047, g: 0.043, b: 0.035, a: 1}
  m_AmbientIntensity: 1
  m_AmbientMode: 0
  m_SkyboxMaterial: {fileID: 10304, guid: 0000000000000000f000000000000000, type: 0}
  m_HaloStrength: 0.5
  m_FlareStrength: 1
  m_FlareFadeSpeed: 3
  m_HaloTexture: {fileID: 0}
  m_SpotCookie: {fileID: 10001, guid: 0000000000000000e000000000000000, type: 0}
  m_DefaultReflectionMode: 0
  m_DefaultReflectionResolution: 128
  m_ReflectionBounces: 1
  m_ReflectionIntensity: 1
  m_CustomReflection: {fileID: 0}
  m_Sun: {fileID: 0}
  m_IndirectSpecularColor: {r: 0.37311953, g: 0.38074014, b: 0.3587274, a: 1}
--- !u!157 &3
LightmapSettings:
  m_ObjectHideFlags: 0
  serializedVersion: 7
  m_GIWorkflowMode: 0
  m_GISettings:
    serializedVersion: 2
    m_BounceScale: 1
    m_IndirectOutputScale: 1
    m_AlbedoBoost: 1
    m_TemporalCoherenceThreshold: 1
    m_EnvironmentLightingMode: 0
    m_EnableBakedLightmaps: 1
    m_EnableRealtimeLightmaps: 1
  m_LightmapEditorSettings:
    serializedVersion: 4
    m_Resolution: 2
    m_BakeResolution: 40
    m_TextureWidth: 1024
    m_TextureHeight: 1024
    m_AO: 0
    m_AOMaxDistance: 1
    m_CompAOExponent: 1
    m_CompAOExponentDirect: 0
    m_Padding: 2
    m_LightmapParameters: {fileID: 0}
    m_LightmapsBakeMode: 1
    m_TextureCompression: 1
    m_DirectLightInLightProbes: 1
    m_FinalGather: 0
    m_FinalGatherFiltering: 1
    m_FinalGatherRayCount: 256
    m_ReflectionCompression: 2
  m_LightingDataAsset: {fileID: 0}
  m_RuntimeCPUUsage: 25
--- !u!196 &4
NavMeshSettings:
  serializedVersion: 2
  m_ObjectHideFlags: 0
  m_BuildSettings:
    serializedVersion: 2
    agentTypeID: 0
    agentRadius: 0.5
    agentHeight: 2
    agentSlope: 45
    agentClimb: 0.4
    ledgeDropHeight: 0
    maxJumpAcrossDistance: 0
    minRegionArea: 2
    manualCellSize: 0
    cellSize: 0.16666667
    accuratePlacement: 0
  m_NavMeshData: {fileID: 0}
--- !u!1001 &72387227
Prefab:
  m_ObjectHideFlags: 0
  serializedVersion: 2
  m_Modification:
    m_TransformParent: {fileID: 103998966}
    m_Modifications:
    - target: {fileID: 114921205863771420, guid: b26790738b519ec48ac20b9202b0abf1,
        type: 2}
      propertyPath: dialogueFlow.Array.size
      value: 1
      objectReference: {fileID: 0}
    - target: {fileID: 4429395187244904, guid: b26790738b519ec48ac20b9202b0abf1, type: 2}
      propertyPath: m_LocalPosition.x
      value: 6.6099854
      objectReference: {fileID: 0}
    - target: {fileID: 4429395187244904, guid: b26790738b519ec48ac20b9202b0abf1, type: 2}
      propertyPath: m_LocalPosition.y
      value: 2.3659668
      objectReference: {fileID: 0}
    - target: {fileID: 4429395187244904, guid: b26790738b519ec48ac20b9202b0abf1, type: 2}
      propertyPath: m_LocalPosition.z
      value: 0.5019531
      objectReference: {fileID: 0}
    - target: {fileID: 4429395187244904, guid: b26790738b519ec48ac20b9202b0abf1, type: 2}
      propertyPath: m_LocalRotation.x
      value: 0
      objectReference: {fileID: 0}
    - target: {fileID: 4429395187244904, guid: b26790738b519ec48ac20b9202b0abf1, type: 2}
      propertyPath: m_LocalRotation.y
      value: 0
      objectReference: {fileID: 0}
    - target: {fileID: 4429395187244904, guid: b26790738b519ec48ac20b9202b0abf1, type: 2}
      propertyPath: m_LocalRotation.z
      value: 0
      objectReference: {fileID: 0}
    - target: {fileID: 4429395187244904, guid: b26790738b519ec48ac20b9202b0abf1, type: 2}
      propertyPath: m_LocalRotation.w
      value: 1
      objectReference: {fileID: 0}
    - target: {fileID: 4429395187244904, guid: b26790738b519ec48ac20b9202b0abf1, type: 2}
      propertyPath: m_RootOrder
      value: 0
      objectReference: {fileID: 0}
    - target: {fileID: 114921205863771420, guid: b26790738b519ec48ac20b9202b0abf1,
        type: 2}
      propertyPath: DialogId
      value: D_ZACH_CKEN_0003
      objectReference: {fileID: 0}
    - target: {fileID: 114921205863771420, guid: b26790738b519ec48ac20b9202b0abf1,
        type: 2}
      propertyPath: dialogueFlow.Array.data[0]
      value: Kennick, you have to do something!
      objectReference: {fileID: 0}
    - target: {fileID: 114921205863771420, guid: b26790738b519ec48ac20b9202b0abf1,
        type: 2}
      propertyPath: Name
      value: Zache
      objectReference: {fileID: 0}
    m_RemovedComponents: []
  m_ParentPrefab: {fileID: 100100000, guid: b26790738b519ec48ac20b9202b0abf1, type: 2}
  m_IsPrefabParent: 0
--- !u!1001 &103998965
Prefab:
  m_ObjectHideFlags: 0
  serializedVersion: 2
  m_Modification:
    m_TransformParent: {fileID: 2069421513}
    m_Modifications:
    - target: {fileID: 4813101207717968, guid: a0882b071c4438647b607f38d45cc694, type: 2}
      propertyPath: m_LocalPosition.x
      value: 12.62
      objectReference: {fileID: 0}
    - target: {fileID: 4813101207717968, guid: a0882b071c4438647b607f38d45cc694, type: 2}
      propertyPath: m_LocalPosition.y
      value: 1.9
      objectReference: {fileID: 0}
    - target: {fileID: 4813101207717968, guid: a0882b071c4438647b607f38d45cc694, type: 2}
      propertyPath: m_LocalPosition.z
      value: 0
      objectReference: {fileID: 0}
    - target: {fileID: 4813101207717968, guid: a0882b071c4438647b607f38d45cc694, type: 2}
      propertyPath: m_LocalRotation.x
      value: -0
      objectReference: {fileID: 0}
    - target: {fileID: 4813101207717968, guid: a0882b071c4438647b607f38d45cc694, type: 2}
      propertyPath: m_LocalRotation.y
      value: -0
      objectReference: {fileID: 0}
    - target: {fileID: 4813101207717968, guid: a0882b071c4438647b607f38d45cc694, type: 2}
      propertyPath: m_LocalRotation.z
      value: -0
      objectReference: {fileID: 0}
    - target: {fileID: 4813101207717968, guid: a0882b071c4438647b607f38d45cc694, type: 2}
      propertyPath: m_LocalRotation.w
      value: 1
      objectReference: {fileID: 0}
    - target: {fileID: 4813101207717968, guid: a0882b071c4438647b607f38d45cc694, type: 2}
      propertyPath: m_RootOrder
      value: 2
      objectReference: {fileID: 0}
    - target: {fileID: 1294506014116860, guid: a0882b071c4438647b607f38d45cc694, type: 2}
      propertyPath: m_Name
      value: Shelta
      objectReference: {fileID: 0}
    - target: {fileID: 4515978676991180, guid: a0882b071c4438647b607f38d45cc694, type: 2}
      propertyPath: m_RootOrder
      value: 6
      objectReference: {fileID: 0}
    - target: {fileID: 4665802971379862, guid: a0882b071c4438647b607f38d45cc694, type: 2}
      propertyPath: m_RootOrder
      value: 10
      objectReference: {fileID: 0}
    - target: {fileID: 4883041044569298, guid: a0882b071c4438647b607f38d45cc694, type: 2}
      propertyPath: m_RootOrder
      value: 3
      objectReference: {fileID: 0}
    - target: {fileID: 4812903850066168, guid: a0882b071c4438647b607f38d45cc694, type: 2}
      propertyPath: m_RootOrder
      value: 1
      objectReference: {fileID: 0}
    - target: {fileID: 4109469420570286, guid: a0882b071c4438647b607f38d45cc694, type: 2}
      propertyPath: m_RootOrder
      value: 2
      objectReference: {fileID: 0}
    - target: {fileID: 4813467166096794, guid: a0882b071c4438647b607f38d45cc694, type: 2}
      propertyPath: m_RootOrder
      value: 9
      objectReference: {fileID: 0}
    - target: {fileID: 4955963644858516, guid: a0882b071c4438647b607f38d45cc694, type: 2}
      propertyPath: m_RootOrder
      value: 4
      objectReference: {fileID: 0}
    - target: {fileID: 4434796102788050, guid: a0882b071c4438647b607f38d45cc694, type: 2}
      propertyPath: m_RootOrder
      value: 8
      objectReference: {fileID: 0}
    - target: {fileID: 4063718904812182, guid: a0882b071c4438647b607f38d45cc694, type: 2}
      propertyPath: m_RootOrder
      value: 7
      objectReference: {fileID: 0}
    - target: {fileID: 4002925738855184, guid: a0882b071c4438647b607f38d45cc694, type: 2}
      propertyPath: m_RootOrder
      value: 5
      objectReference: {fileID: 0}
    m_RemovedComponents:
    - {fileID: 114790745070956828, guid: a0882b071c4438647b607f38d45cc694, type: 2}
    - {fileID: 65429727026729310, guid: a0882b071c4438647b607f38d45cc694, type: 2}
  m_ParentPrefab: {fileID: 100100000, guid: a0882b071c4438647b607f38d45cc694, type: 2}
  m_IsPrefabParent: 0
--- !u!4 &103998966 stripped
Transform:
  m_PrefabParentObject: {fileID: 4813101207717968, guid: a0882b071c4438647b607f38d45cc694,
    type: 2}
  m_PrefabInternal: {fileID: 103998965}
--- !u!1001 &126302382
Prefab:
  m_ObjectHideFlags: 0
  serializedVersion: 2
  m_Modification:
    m_TransformParent: {fileID: 0}
    m_Modifications:
    - target: {fileID: 4551866137465880, guid: 9ac7ce3c807b044a289a2970a0c90e37, type: 2}
      propertyPath: m_LocalPosition.x
      value: 0
      objectReference: {fileID: 0}
    - target: {fileID: 4551866137465880, guid: 9ac7ce3c807b044a289a2970a0c90e37, type: 2}
      propertyPath: m_LocalPosition.y
      value: 0
      objectReference: {fileID: 0}
    - target: {fileID: 4551866137465880, guid: 9ac7ce3c807b044a289a2970a0c90e37, type: 2}
      propertyPath: m_LocalPosition.z
      value: 0
      objectReference: {fileID: 0}
    - target: {fileID: 4551866137465880, guid: 9ac7ce3c807b044a289a2970a0c90e37, type: 2}
      propertyPath: m_LocalRotation.x
      value: 0
      objectReference: {fileID: 0}
    - target: {fileID: 4551866137465880, guid: 9ac7ce3c807b044a289a2970a0c90e37, type: 2}
      propertyPath: m_LocalRotation.y
      value: 0
      objectReference: {fileID: 0}
    - target: {fileID: 4551866137465880, guid: 9ac7ce3c807b044a289a2970a0c90e37, type: 2}
      propertyPath: m_LocalRotation.z
      value: 0
      objectReference: {fileID: 0}
    - target: {fileID: 4551866137465880, guid: 9ac7ce3c807b044a289a2970a0c90e37, type: 2}
      propertyPath: m_LocalRotation.w
      value: 1
      objectReference: {fileID: 0}
    - target: {fileID: 4551866137465880, guid: 9ac7ce3c807b044a289a2970a0c90e37, type: 2}
      propertyPath: m_RootOrder
      value: 0
      objectReference: {fileID: 0}
    - target: {fileID: 114790992519062064, guid: 9ac7ce3c807b044a289a2970a0c90e37,
        type: 2}
      propertyPath: navigationMesh
      value: 
      objectReference: {fileID: 1568305665}
    - target: {fileID: 4000751049261608, guid: 9ac7ce3c807b044a289a2970a0c90e37, type: 2}
      propertyPath: m_LocalPosition.x
      value: 7.25
      objectReference: {fileID: 0}
    m_RemovedComponents: []
  m_ParentPrefab: {fileID: 100100000, guid: 9ac7ce3c807b044a289a2970a0c90e37, type: 2}
  m_IsPrefabParent: 0
--- !u!1 &184870764
GameObject:
  m_ObjectHideFlags: 0
  m_PrefabParentObject: {fileID: 1301389458695404, guid: 0923da3b95986434681cffb49707af08,
    type: 2}
  m_PrefabInternal: {fileID: 0}
  serializedVersion: 5
  m_Component:
  - component: {fileID: 184870765}
  - component: {fileID: 184870768}
  - component: {fileID: 184870767}
  - component: {fileID: 184870766}
  m_Layer: 0
  m_Name: Cube (10)
  m_TagString: Untagged
  m_Icon: {fileID: 0}
  m_NavMeshLayer: 0
  m_StaticEditorFlags: 0
  m_IsActive: 1
--- !u!4 &184870765
Transform:
  m_ObjectHideFlags: 0
  m_PrefabParentObject: {fileID: 4265309045218126, guid: 0923da3b95986434681cffb49707af08,
    type: 2}
  m_PrefabInternal: {fileID: 0}
  m_GameObject: {fileID: 184870764}
  m_LocalRotation: {x: -0, y: -0, z: 0.94582, w: 0.32469156}
  m_LocalPosition: {x: -0.063, y: -0.292, z: -0.48200035}
  m_LocalScale: {x: 0.020000003, y: 0.20000002, z: 0.099999994}
  m_Children: []
  m_Father: {fileID: 1232471960}
  m_RootOrder: 7
  m_LocalEulerAnglesHint: {x: 0, y: 0, z: 142.106}
--- !u!23 &184870766
MeshRenderer:
  m_ObjectHideFlags: 0
  m_PrefabParentObject: {fileID: 23847765085243922, guid: 0923da3b95986434681cffb49707af08,
    type: 2}
  m_PrefabInternal: {fileID: 0}
  m_GameObject: {fileID: 184870764}
  m_Enabled: 1
  m_CastShadows: 1
  m_ReceiveShadows: 1
  m_MotionVectors: 1
  m_LightProbeUsage: 1
  m_ReflectionProbeUsage: 1
  m_Materials:
  - {fileID: 2100000, guid: 27e0baad3888d7f42aa71755dce5f8a8, type: 2}
  m_StaticBatchInfo:
    firstSubMesh: 0
    subMeshCount: 0
  m_StaticBatchRoot: {fileID: 0}
  m_ProbeAnchor: {fileID: 0}
  m_LightProbeVolumeOverride: {fileID: 0}
  m_ScaleInLightmap: 1
  m_PreserveUVs: 1
  m_IgnoreNormalsForChartDetection: 0
  m_ImportantGI: 0
  m_SelectedEditorRenderState: 3
  m_MinimumChartSize: 4
  m_AutoUVMaxDistance: 0.5
  m_AutoUVMaxAngle: 89
  m_LightmapParameters: {fileID: 0}
  m_SortingLayerID: 0
  m_SortingOrder: 0
--- !u!65 &184870767
BoxCollider:
  m_ObjectHideFlags: 0
  m_PrefabParentObject: {fileID: 65410356112597396, guid: 0923da3b95986434681cffb49707af08,
    type: 2}
  m_PrefabInternal: {fileID: 0}
  m_GameObject: {fileID: 184870764}
  m_Material: {fileID: 0}
  m_IsTrigger: 0
  m_Enabled: 1
  serializedVersion: 2
  m_Size: {x: 1, y: 1, z: 1}
  m_Center: {x: 0, y: 0, z: 0}
--- !u!33 &184870768
MeshFilter:
  m_ObjectHideFlags: 0
  m_PrefabParentObject: {fileID: 33507246168598506, guid: 0923da3b95986434681cffb49707af08,
    type: 2}
  m_PrefabInternal: {fileID: 0}
  m_GameObject: {fileID: 184870764}
  m_Mesh: {fileID: 10202, guid: 0000000000000000e000000000000000, type: 0}
--- !u!1001 &245547627
Prefab:
  m_ObjectHideFlags: 0
  serializedVersion: 2
  m_Modification:
    m_TransformParent: {fileID: 2069421513}
    m_Modifications:
    - target: {fileID: 4813101207717968, guid: a0882b071c4438647b607f38d45cc694, type: 2}
      propertyPath: m_LocalPosition.x
      value: 5.283
      objectReference: {fileID: 0}
    - target: {fileID: 4813101207717968, guid: a0882b071c4438647b607f38d45cc694, type: 2}
      propertyPath: m_LocalPosition.y
      value: 3.461
      objectReference: {fileID: 0}
    - target: {fileID: 4813101207717968, guid: a0882b071c4438647b607f38d45cc694, type: 2}
      propertyPath: m_LocalPosition.z
      value: 0
      objectReference: {fileID: 0}
    - target: {fileID: 4813101207717968, guid: a0882b071c4438647b607f38d45cc694, type: 2}
      propertyPath: m_LocalRotation.x
      value: -0
      objectReference: {fileID: 0}
    - target: {fileID: 4813101207717968, guid: a0882b071c4438647b607f38d45cc694, type: 2}
      propertyPath: m_LocalRotation.y
      value: -0
      objectReference: {fileID: 0}
    - target: {fileID: 4813101207717968, guid: a0882b071c4438647b607f38d45cc694, type: 2}
      propertyPath: m_LocalRotation.z
      value: -0
      objectReference: {fileID: 0}
    - target: {fileID: 4813101207717968, guid: a0882b071c4438647b607f38d45cc694, type: 2}
      propertyPath: m_LocalRotation.w
      value: 1
      objectReference: {fileID: 0}
    - target: {fileID: 4813101207717968, guid: a0882b071c4438647b607f38d45cc694, type: 2}
      propertyPath: m_RootOrder
      value: 0
      objectReference: {fileID: 0}
    - target: {fileID: 65429727026729310, guid: a0882b071c4438647b607f38d45cc694,
        type: 2}
      propertyPath: m_Enabled
      value: 1
      objectReference: {fileID: 0}
    - target: {fileID: 1294506014116860, guid: a0882b071c4438647b607f38d45cc694, type: 2}
      propertyPath: m_Name
      value: Kennick
      objectReference: {fileID: 0}
    m_RemovedComponents: []
  m_ParentPrefab: {fileID: 100100000, guid: a0882b071c4438647b607f38d45cc694, type: 2}
  m_IsPrefabParent: 0
--- !u!1001 &248410812
Prefab:
  m_ObjectHideFlags: 0
  serializedVersion: 2
  m_Modification:
    m_TransformParent: {fileID: 1421584799}
    m_Modifications:
    - target: {fileID: 114921205863771420, guid: b26790738b519ec48ac20b9202b0abf1,
        type: 2}
      propertyPath: dialogueFlow.Array.size
      value: 1
      objectReference: {fileID: 0}
    - target: {fileID: 114399885198079416, guid: b26790738b519ec48ac20b9202b0abf1,
        type: 2}
      propertyPath: dialogueFlow.Array.size
      value: 1
      objectReference: {fileID: 0}
    - target: {fileID: 114363628325107756, guid: b26790738b519ec48ac20b9202b0abf1,
        type: 2}
      propertyPath: dialogueFlow.Array.size
      value: 1
      objectReference: {fileID: 0}
    - target: {fileID: 114877287359989112, guid: b26790738b519ec48ac20b9202b0abf1,
        type: 2}
      propertyPath: dialogueFlow.Array.size
      value: 1
      objectReference: {fileID: 0}
    - target: {fileID: 4429395187244904, guid: b26790738b519ec48ac20b9202b0abf1, type: 2}
      propertyPath: m_LocalPosition.x
      value: 0
      objectReference: {fileID: 0}
    - target: {fileID: 4429395187244904, guid: b26790738b519ec48ac20b9202b0abf1, type: 2}
      propertyPath: m_LocalPosition.y
      value: 0
      objectReference: {fileID: 0}
    - target: {fileID: 4429395187244904, guid: b26790738b519ec48ac20b9202b0abf1, type: 2}
      propertyPath: m_LocalPosition.z
      value: 0
      objectReference: {fileID: 0}
    - target: {fileID: 4429395187244904, guid: b26790738b519ec48ac20b9202b0abf1, type: 2}
      propertyPath: m_LocalRotation.x
      value: 0
      objectReference: {fileID: 0}
    - target: {fileID: 4429395187244904, guid: b26790738b519ec48ac20b9202b0abf1, type: 2}
      propertyPath: m_LocalRotation.y
      value: 0
      objectReference: {fileID: 0}
    - target: {fileID: 4429395187244904, guid: b26790738b519ec48ac20b9202b0abf1, type: 2}
      propertyPath: m_LocalRotation.z
      value: 0
      objectReference: {fileID: 0}
    - target: {fileID: 4429395187244904, guid: b26790738b519ec48ac20b9202b0abf1, type: 2}
      propertyPath: m_LocalRotation.w
      value: 1
      objectReference: {fileID: 0}
    - target: {fileID: 4429395187244904, guid: b26790738b519ec48ac20b9202b0abf1, type: 2}
      propertyPath: m_RootOrder
      value: 0
      objectReference: {fileID: 0}
    - target: {fileID: 114921205863771420, guid: b26790738b519ec48ac20b9202b0abf1,
        type: 2}
      propertyPath: DialogId
      value: D_MUME_PHOM_0007
      objectReference: {fileID: 0}
    - target: {fileID: 114921205863771420, guid: b26790738b519ec48ac20b9202b0abf1,
        type: 2}
      propertyPath: dialogueFlow.Array.data[0]
      value: Zache, I've been looking for you.
      objectReference: {fileID: 0}
    - target: {fileID: 114921205863771420, guid: b26790738b519ec48ac20b9202b0abf1,
        type: 2}
      propertyPath: Name
      value: Mumely
      objectReference: {fileID: 0}
    - target: {fileID: 114399885198079416, guid: b26790738b519ec48ac20b9202b0abf1,
        type: 2}
      propertyPath: DialogId
      value: D_ZACH_PHOM_0008
      objectReference: {fileID: 0}
    - target: {fileID: 114399885198079416, guid: b26790738b519ec48ac20b9202b0abf1,
        type: 2}
      propertyPath: dialogueFlow.Array.data[0]
      value: I can't believe Granna's gone. What will we do without our Matron?
      objectReference: {fileID: 0}
    - target: {fileID: 114399885198079416, guid: b26790738b519ec48ac20b9202b0abf1,
        type: 2}
      propertyPath: Name
      value: Zache
      objectReference: {fileID: 0}
    - target: {fileID: 114363628325107756, guid: b26790738b519ec48ac20b9202b0abf1,
        type: 2}
      propertyPath: DialogId
      value: D_MUME_PHOM_0009
      objectReference: {fileID: 0}
    - target: {fileID: 114363628325107756, guid: b26790738b519ec48ac20b9202b0abf1,
        type: 2}
      propertyPath: dialogueFlow.Array.data[0]
      value: The same we've always done, boy. The Ancestors will guide us, but only
        if we ask.
      objectReference: {fileID: 0}
    - target: {fileID: 114363628325107756, guid: b26790738b519ec48ac20b9202b0abf1,
        type: 2}
      propertyPath: Name
      value: MUME
      objectReference: {fileID: 0}
    - target: {fileID: 114877287359989112, guid: b26790738b519ec48ac20b9202b0abf1,
        type: 2}
      propertyPath: DialogId
      value: D_ZACH_PHOM_0010
      objectReference: {fileID: 0}
    - target: {fileID: 114877287359989112, guid: b26790738b519ec48ac20b9202b0abf1,
        type: 2}
      propertyPath: dialogueFlow.Array.data[0]
      value: I've tried! All around us, there is nothing but silence.
      objectReference: {fileID: 0}
    - target: {fileID: 114877287359989112, guid: b26790738b519ec48ac20b9202b0abf1,
        type: 2}
      propertyPath: Name
      value: Zache
      objectReference: {fileID: 0}
    - target: {fileID: 114877287359989112, guid: b26790738b519ec48ac20b9202b0abf1,
        type: 2}
      propertyPath: FollowUp
      value: 
      objectReference: {fileID: 248410815}
    - target: {fileID: 61768388934750246, guid: b26790738b519ec48ac20b9202b0abf1,
        type: 2}
      propertyPath: m_Offset.x
      value: 0
      objectReference: {fileID: 0}
    - target: {fileID: 61768388934750246, guid: b26790738b519ec48ac20b9202b0abf1,
        type: 2}
      propertyPath: m_UsedByEffector
      value: 0
      objectReference: {fileID: 0}
    - target: {fileID: 114921205863771420, guid: b26790738b519ec48ac20b9202b0abf1,
        type: 2}
      propertyPath: HeadSprite
      value: 
      objectReference: {fileID: 21300000, guid: 4e70cb1dd58edbb4da065bf48480fb80,
        type: 3}
    - target: {fileID: 114363628325107756, guid: b26790738b519ec48ac20b9202b0abf1,
        type: 2}
      propertyPath: HeadSprite
      value: 
      objectReference: {fileID: 21300000, guid: 4e70cb1dd58edbb4da065bf48480fb80,
        type: 3}
    - target: {fileID: 114399885198079416, guid: b26790738b519ec48ac20b9202b0abf1,
        type: 2}
      propertyPath: HeadSprite
      value: 
      objectReference: {fileID: 0}
    - target: {fileID: 114877287359989112, guid: b26790738b519ec48ac20b9202b0abf1,
        type: 2}
      propertyPath: HeadSprite
      value: 
      objectReference: {fileID: 0}
    m_RemovedComponents: []
  m_ParentPrefab: {fileID: 100100000, guid: b26790738b519ec48ac20b9202b0abf1, type: 2}
  m_IsPrefabParent: 0
--- !u!1 &248410813 stripped
GameObject:
  m_PrefabParentObject: {fileID: 1362714471568638, guid: b26790738b519ec48ac20b9202b0abf1,
    type: 2}
  m_PrefabInternal: {fileID: 248410812}
--- !u!114 &248410815
MonoBehaviour:
  m_ObjectHideFlags: 0
  m_PrefabParentObject: {fileID: 0}
  m_PrefabInternal: {fileID: 0}
  m_GameObject: {fileID: 248410813}
  m_Enabled: 1
  m_EditorHideFlags: 0
  m_Script: {fileID: 11500000, guid: 145dc749e209caa4dae684bfe5a7393c, type: 3}
  m_Name: 
  m_EditorClassIdentifier: 
  DialogId: D_MUME_PHOM_0011
  HeadSprite: {fileID: 21300000, guid: 4e70cb1dd58edbb4da065bf48480fb80, type: 3}
  dialogueFlow:
  - Come now, it's not about words...surely you're old enough to know that.
  - Why do you think we play music <b>every</b> night we lay camp?
  Name: Mumely
  FollowUp: {fileID: 0}
  IsStart: 0
  DisplayName: 
  Voice: {fileID: 0}
  textColor: {r: 0, g: 0, b: 0, a: 255}
  tonePitch: 1
  MaxInteractDistance: 2.5
--- !u!1 &279476242
GameObject:
  m_ObjectHideFlags: 0
  m_PrefabParentObject: {fileID: 0}
  m_PrefabInternal: {fileID: 0}
  serializedVersion: 5
  m_Component:
  - component: {fileID: 279476243}
  - component: {fileID: 279476245}
  - component: {fileID: 279476244}
  m_Layer: 0
  m_Name: CharacterBody
  m_TagString: Untagged
  m_Icon: {fileID: 0}
  m_NavMeshLayer: 0
  m_StaticEditorFlags: 0
  m_IsActive: 1
--- !u!4 &279476243
Transform:
  m_ObjectHideFlags: 0
  m_PrefabParentObject: {fileID: 0}
  m_PrefabInternal: {fileID: 0}
  m_GameObject: {fileID: 279476242}
  m_LocalRotation: {x: -0, y: -0, z: -0, w: 1}
  m_LocalPosition: {x: 0, y: 0, z: 0}
  m_LocalScale: {x: 1, y: 1, z: 1}
  m_Children: []
  m_Father: {fileID: 1796900734}
  m_RootOrder: 0
  m_LocalEulerAnglesHint: {x: 0, y: 0, z: 0}
--- !u!212 &279476244
SpriteRenderer:
  m_ObjectHideFlags: 0
  m_PrefabParentObject: {fileID: 0}
  m_PrefabInternal: {fileID: 0}
  m_GameObject: {fileID: 279476242}
  m_Enabled: 1
  m_CastShadows: 0
  m_ReceiveShadows: 0
  m_MotionVectors: 1
  m_LightProbeUsage: 0
  m_ReflectionProbeUsage: 0
  m_Materials:
  - {fileID: 10754, guid: 0000000000000000f000000000000000, type: 0}
  m_StaticBatchInfo:
    firstSubMesh: 0
    subMeshCount: 0
  m_StaticBatchRoot: {fileID: 0}
  m_ProbeAnchor: {fileID: 0}
  m_LightProbeVolumeOverride: {fileID: 0}
  m_ScaleInLightmap: 1
  m_PreserveUVs: 0
  m_IgnoreNormalsForChartDetection: 0
  m_ImportantGI: 0
  m_SelectedEditorRenderState: 0
  m_MinimumChartSize: 4
  m_AutoUVMaxDistance: 0.5
  m_AutoUVMaxAngle: 89
  m_LightmapParameters: {fileID: 0}
  m_SortingLayerID: 0
  m_SortingOrder: 0
  m_Sprite: {fileID: 21300000, guid: acc2e7e8023e64b66a7dafe010a83188, type: 3}
  m_Color: {r: 1, g: 1, b: 1, a: 1}
  m_FlipX: 0
  m_FlipY: 0
--- !u!95 &279476245
Animator:
  serializedVersion: 3
  m_ObjectHideFlags: 0
  m_PrefabParentObject: {fileID: 0}
  m_PrefabInternal: {fileID: 0}
  m_GameObject: {fileID: 279476242}
  m_Enabled: 1
  m_Avatar: {fileID: 0}
  m_Controller: {fileID: 9100000, guid: cea87dcca6b9c4ffc88219fd5bc69a81, type: 2}
  m_CullingMode: 0
  m_UpdateMode: 0
  m_ApplyRootMotion: 0
  m_LinearVelocityBlending: 0
  m_WarningMessage: 
  m_HasTransformHierarchy: 1
  m_AllowConstantClipSamplingOptimization: 1
--- !u!1 &319777045
GameObject:
  m_ObjectHideFlags: 0
  m_PrefabParentObject: {fileID: 0}
  m_PrefabInternal: {fileID: 0}
  serializedVersion: 5
  m_Component:
  - component: {fileID: 319777046}
  - component: {fileID: 319777047}
  m_Layer: 0
  m_Name: courtyard_room_middle_720
  m_TagString: Untagged
  m_Icon: {fileID: 0}
  m_NavMeshLayer: 0
  m_StaticEditorFlags: 0
  m_IsActive: 1
--- !u!4 &319777046
Transform:
  m_ObjectHideFlags: 0
  m_PrefabParentObject: {fileID: 0}
  m_PrefabInternal: {fileID: 0}
  m_GameObject: {fileID: 319777045}
  m_LocalRotation: {x: -0, y: -0, z: -0, w: 1}
  m_LocalPosition: {x: 0, y: 0, z: 0}
  m_LocalScale: {x: 1, y: 1, z: 1}
  m_Children: []
  m_Father: {fileID: 1206763254}
  m_RootOrder: 1
  m_LocalEulerAnglesHint: {x: 0, y: 0, z: 0}
--- !u!212 &319777047
SpriteRenderer:
  m_ObjectHideFlags: 0
  m_PrefabParentObject: {fileID: 0}
  m_PrefabInternal: {fileID: 0}
  m_GameObject: {fileID: 319777045}
  m_Enabled: 1
  m_CastShadows: 0
  m_ReceiveShadows: 0
  m_MotionVectors: 1
  m_LightProbeUsage: 0
  m_ReflectionProbeUsage: 0
  m_Materials:
  - {fileID: 10754, guid: 0000000000000000f000000000000000, type: 0}
  m_StaticBatchInfo:
    firstSubMesh: 0
    subMeshCount: 0
  m_StaticBatchRoot: {fileID: 0}
  m_ProbeAnchor: {fileID: 0}
  m_LightProbeVolumeOverride: {fileID: 0}
  m_ScaleInLightmap: 1
  m_PreserveUVs: 0
  m_IgnoreNormalsForChartDetection: 0
  m_ImportantGI: 0
  m_SelectedEditorRenderState: 0
  m_MinimumChartSize: 4
  m_AutoUVMaxDistance: 0.5
  m_AutoUVMaxAngle: 89
  m_LightmapParameters: {fileID: 0}
  m_SortingLayerID: 0
  m_SortingOrder: -5
  m_Sprite: {fileID: 21300000, guid: d3a93c14d430844b8b03b7d99ef54fd6, type: 3}
  m_Color: {r: 1, g: 1, b: 1, a: 1}
  m_FlipX: 0
  m_FlipY: 0
--- !u!1001 &343975969
Prefab:
  m_ObjectHideFlags: 0
  serializedVersion: 2
  m_Modification:
    m_TransformParent: {fileID: 356208979}
    m_Modifications:
    - target: {fileID: 4092172825485600, guid: 69bb63ee6a4252a4abcfdaad51a6ae17, type: 2}
      propertyPath: m_LocalPosition.x
      value: 11.61
      objectReference: {fileID: 0}
    - target: {fileID: 4092172825485600, guid: 69bb63ee6a4252a4abcfdaad51a6ae17, type: 2}
      propertyPath: m_LocalPosition.y
      value: 4.21
      objectReference: {fileID: 0}
    - target: {fileID: 4092172825485600, guid: 69bb63ee6a4252a4abcfdaad51a6ae17, type: 2}
      propertyPath: m_LocalPosition.z
      value: 0
      objectReference: {fileID: 0}
    - target: {fileID: 4092172825485600, guid: 69bb63ee6a4252a4abcfdaad51a6ae17, type: 2}
      propertyPath: m_LocalRotation.x
      value: -0
      objectReference: {fileID: 0}
    - target: {fileID: 4092172825485600, guid: 69bb63ee6a4252a4abcfdaad51a6ae17, type: 2}
      propertyPath: m_LocalRotation.y
      value: -0
      objectReference: {fileID: 0}
    - target: {fileID: 4092172825485600, guid: 69bb63ee6a4252a4abcfdaad51a6ae17, type: 2}
      propertyPath: m_LocalRotation.z
      value: -0
      objectReference: {fileID: 0}
    - target: {fileID: 4092172825485600, guid: 69bb63ee6a4252a4abcfdaad51a6ae17, type: 2}
      propertyPath: m_LocalRotation.w
      value: 1
      objectReference: {fileID: 0}
    - target: {fileID: 4092172825485600, guid: 69bb63ee6a4252a4abcfdaad51a6ae17, type: 2}
      propertyPath: m_RootOrder
      value: 1
      objectReference: {fileID: 0}
    - target: {fileID: 4092172825485600, guid: 69bb63ee6a4252a4abcfdaad51a6ae17, type: 2}
      propertyPath: m_LocalScale.y
      value: 1
      objectReference: {fileID: 0}
    - target: {fileID: 4092172825485600, guid: 69bb63ee6a4252a4abcfdaad51a6ae17, type: 2}
      propertyPath: m_LocalScale.x
      value: 1
      objectReference: {fileID: 0}
    - target: {fileID: 1004189633037986, guid: 69bb63ee6a4252a4abcfdaad51a6ae17, type: 2}
      propertyPath: m_Name
      value: junk_passage
      objectReference: {fileID: 0}
    - target: {fileID: 114406496941662998, guid: 69bb63ee6a4252a4abcfdaad51a6ae17,
        type: 2}
      propertyPath: destinationScene
      value: Junkyard
      objectReference: {fileID: 0}
    - target: {fileID: 114406496941662998, guid: 69bb63ee6a4252a4abcfdaad51a6ae17,
        type: 2}
      propertyPath: exitGameObjectName
      value: exit_Courtyard_to_Junkyard
      objectReference: {fileID: 0}
    - target: {fileID: 4092172825485600, guid: 69bb63ee6a4252a4abcfdaad51a6ae17, type: 2}
      propertyPath: m_LocalScale.z
      value: 1
      objectReference: {fileID: 0}
    - target: {fileID: 61748919205894674, guid: 69bb63ee6a4252a4abcfdaad51a6ae17,
        type: 2}
      propertyPath: m_Size.x
      value: 1.36
      objectReference: {fileID: 0}
    - target: {fileID: 61748919205894674, guid: 69bb63ee6a4252a4abcfdaad51a6ae17,
        type: 2}
      propertyPath: m_Offset.x
      value: 0.17
      objectReference: {fileID: 0}
    - target: {fileID: 61748919205894674, guid: 69bb63ee6a4252a4abcfdaad51a6ae17,
        type: 2}
      propertyPath: m_Offset.y
      value: 0.21
      objectReference: {fileID: 0}
    - target: {fileID: 61748919205894674, guid: 69bb63ee6a4252a4abcfdaad51a6ae17,
        type: 2}
      propertyPath: m_Size.y
      value: 1.33
      objectReference: {fileID: 0}
    m_RemovedComponents: []
  m_ParentPrefab: {fileID: 100100000, guid: 69bb63ee6a4252a4abcfdaad51a6ae17, type: 2}
  m_IsPrefabParent: 0
--- !u!4 &343975970 stripped
Transform:
  m_PrefabParentObject: {fileID: 4092172825485600, guid: 69bb63ee6a4252a4abcfdaad51a6ae17,
    type: 2}
  m_PrefabInternal: {fileID: 343975969}
--- !u!1 &356208978
GameObject:
  m_ObjectHideFlags: 0
  m_PrefabParentObject: {fileID: 0}
  m_PrefabInternal: {fileID: 0}
  serializedVersion: 5
  m_Component:
  - component: {fileID: 356208979}
  m_Layer: 0
  m_Name: Passages
  m_TagString: Untagged
  m_Icon: {fileID: 0}
  m_NavMeshLayer: 0
  m_StaticEditorFlags: 0
  m_IsActive: 1
--- !u!4 &356208979
Transform:
  m_ObjectHideFlags: 0
  m_PrefabParentObject: {fileID: 0}
  m_PrefabInternal: {fileID: 0}
  m_GameObject: {fileID: 356208978}
  m_LocalRotation: {x: 0, y: 0, z: 0, w: 1}
  m_LocalPosition: {x: 0, y: 0, z: 0}
  m_LocalScale: {x: 1, y: 1, z: 1}
  m_Children:
  - {fileID: 1702587239}
  - {fileID: 343975970}
  m_Father: {fileID: 0}
  m_RootOrder: 5
  m_LocalEulerAnglesHint: {x: 0, y: 0, z: 0}
--- !u!1 &398971370
GameObject:
  m_ObjectHideFlags: 0
  m_PrefabParentObject: {fileID: 1683099458771038, guid: 0923da3b95986434681cffb49707af08,
    type: 2}
  m_PrefabInternal: {fileID: 0}
  serializedVersion: 5
  m_Component:
  - component: {fileID: 398971371}
  - component: {fileID: 398971374}
  - component: {fileID: 398971373}
  - component: {fileID: 398971372}
  m_Layer: 0
  m_Name: Cube (8)
  m_TagString: Untagged
  m_Icon: {fileID: 0}
  m_NavMeshLayer: 0
  m_StaticEditorFlags: 0
  m_IsActive: 1
--- !u!4 &398971371
Transform:
  m_ObjectHideFlags: 0
  m_PrefabParentObject: {fileID: 4786143940496306, guid: 0923da3b95986434681cffb49707af08,
    type: 2}
  m_PrefabInternal: {fileID: 0}
  m_GameObject: {fileID: 398971370}
  m_LocalRotation: {x: -0, y: -0, z: 0.92975676, w: -0.36817455}
  m_LocalPosition: {x: 0.052, y: -0.283, z: -0.48200035}
  m_LocalScale: {x: 0.020000003, y: 0.20000002, z: 0.099999994}
  m_Children: []
  m_Father: {fileID: 1232471960}
  m_RootOrder: 5
  m_LocalEulerAnglesHint: {x: 0, y: 0, z: 223.206}
--- !u!23 &398971372
MeshRenderer:
  m_ObjectHideFlags: 0
  m_PrefabParentObject: {fileID: 23271980135792002, guid: 0923da3b95986434681cffb49707af08,
    type: 2}
  m_PrefabInternal: {fileID: 0}
  m_GameObject: {fileID: 398971370}
  m_Enabled: 1
  m_CastShadows: 1
  m_ReceiveShadows: 1
  m_MotionVectors: 1
  m_LightProbeUsage: 1
  m_ReflectionProbeUsage: 1
  m_Materials:
  - {fileID: 2100000, guid: 27e0baad3888d7f42aa71755dce5f8a8, type: 2}
  m_StaticBatchInfo:
    firstSubMesh: 0
    subMeshCount: 0
  m_StaticBatchRoot: {fileID: 0}
  m_ProbeAnchor: {fileID: 0}
  m_LightProbeVolumeOverride: {fileID: 0}
  m_ScaleInLightmap: 1
  m_PreserveUVs: 1
  m_IgnoreNormalsForChartDetection: 0
  m_ImportantGI: 0
  m_SelectedEditorRenderState: 3
  m_MinimumChartSize: 4
  m_AutoUVMaxDistance: 0.5
  m_AutoUVMaxAngle: 89
  m_LightmapParameters: {fileID: 0}
  m_SortingLayerID: 0
  m_SortingOrder: 0
--- !u!65 &398971373
BoxCollider:
  m_ObjectHideFlags: 0
  m_PrefabParentObject: {fileID: 65189261751351128, guid: 0923da3b95986434681cffb49707af08,
    type: 2}
  m_PrefabInternal: {fileID: 0}
  m_GameObject: {fileID: 398971370}
  m_Material: {fileID: 0}
  m_IsTrigger: 0
  m_Enabled: 1
  serializedVersion: 2
  m_Size: {x: 1, y: 1, z: 1}
  m_Center: {x: 0, y: 0, z: 0}
--- !u!33 &398971374
MeshFilter:
  m_ObjectHideFlags: 0
  m_PrefabParentObject: {fileID: 33151450676314306, guid: 0923da3b95986434681cffb49707af08,
    type: 2}
  m_PrefabInternal: {fileID: 0}
  m_GameObject: {fileID: 398971370}
  m_Mesh: {fileID: 10202, guid: 0000000000000000e000000000000000, type: 0}
--- !u!1 &450388924
GameObject:
  m_ObjectHideFlags: 0
  m_PrefabParentObject: {fileID: 1126811137743932, guid: 0923da3b95986434681cffb49707af08,
    type: 2}
  m_PrefabInternal: {fileID: 0}
  serializedVersion: 5
  m_Component:
  - component: {fileID: 450388925}
  - component: {fileID: 450388928}
  - component: {fileID: 450388927}
  - component: {fileID: 450388926}
  m_Layer: 0
  m_Name: Sphere (1)
  m_TagString: Untagged
  m_Icon: {fileID: 0}
  m_NavMeshLayer: 0
  m_StaticEditorFlags: 0
  m_IsActive: 1
--- !u!4 &450388925
Transform:
  m_ObjectHideFlags: 0
  m_PrefabParentObject: {fileID: 4030151029450748, guid: 0923da3b95986434681cffb49707af08,
    type: 2}
  m_PrefabInternal: {fileID: 0}
  m_GameObject: {fileID: 450388924}
  m_LocalRotation: {x: -0, y: -0, z: -0, w: 1}
  m_LocalPosition: {x: -0.347, y: -0.168, z: -0.43200016}
  m_LocalScale: {x: 0.29999998, y: 0.14999999, z: 0.25}
  m_Children: []
  m_Father: {fileID: 1232471960}
  m_RootOrder: 9
  m_LocalEulerAnglesHint: {x: 0, y: 0, z: 0}
--- !u!23 &450388926
MeshRenderer:
  m_ObjectHideFlags: 0
  m_PrefabParentObject: {fileID: 23900819848299042, guid: 0923da3b95986434681cffb49707af08,
    type: 2}
  m_PrefabInternal: {fileID: 0}
  m_GameObject: {fileID: 450388924}
  m_Enabled: 1
  m_CastShadows: 1
  m_ReceiveShadows: 1
  m_MotionVectors: 1
  m_LightProbeUsage: 1
  m_ReflectionProbeUsage: 1
  m_Materials:
  - {fileID: 2100000, guid: a9c5b33ae4ea694448b96c7bd6086110, type: 2}
  m_StaticBatchInfo:
    firstSubMesh: 0
    subMeshCount: 0
  m_StaticBatchRoot: {fileID: 0}
  m_ProbeAnchor: {fileID: 0}
  m_LightProbeVolumeOverride: {fileID: 0}
  m_ScaleInLightmap: 1
  m_PreserveUVs: 1
  m_IgnoreNormalsForChartDetection: 0
  m_ImportantGI: 0
  m_SelectedEditorRenderState: 3
  m_MinimumChartSize: 4
  m_AutoUVMaxDistance: 0.5
  m_AutoUVMaxAngle: 89
  m_LightmapParameters: {fileID: 0}
  m_SortingLayerID: 0
  m_SortingOrder: 0
--- !u!135 &450388927
SphereCollider:
  m_ObjectHideFlags: 0
  m_PrefabParentObject: {fileID: 135149086316262278, guid: 0923da3b95986434681cffb49707af08,
    type: 2}
  m_PrefabInternal: {fileID: 0}
  m_GameObject: {fileID: 450388924}
  m_Material: {fileID: 0}
  m_IsTrigger: 0
  m_Enabled: 1
  serializedVersion: 2
  m_Radius: 0.5
  m_Center: {x: 0, y: 0, z: 0}
--- !u!33 &450388928
MeshFilter:
  m_ObjectHideFlags: 0
  m_PrefabParentObject: {fileID: 33484457187757428, guid: 0923da3b95986434681cffb49707af08,
    type: 2}
  m_PrefabInternal: {fileID: 0}
  m_GameObject: {fileID: 450388924}
  m_Mesh: {fileID: 10207, guid: 0000000000000000e000000000000000, type: 0}
--- !u!1001 &692172209
Prefab:
  m_ObjectHideFlags: 0
  serializedVersion: 2
  m_Modification:
    m_TransformParent: {fileID: 0}
    m_Modifications:
    - target: {fileID: 4278238013442886, guid: 2791b504cf4a7864087dc2899800ec3e, type: 2}
      propertyPath: m_LocalPosition.x
      value: 8.685815
      objectReference: {fileID: 0}
    - target: {fileID: 4278238013442886, guid: 2791b504cf4a7864087dc2899800ec3e, type: 2}
      propertyPath: m_LocalPosition.y
      value: 0.6065757
      objectReference: {fileID: 0}
    - target: {fileID: 4278238013442886, guid: 2791b504cf4a7864087dc2899800ec3e, type: 2}
      propertyPath: m_LocalPosition.z
      value: 42.379295
      objectReference: {fileID: 0}
    - target: {fileID: 4278238013442886, guid: 2791b504cf4a7864087dc2899800ec3e, type: 2}
      propertyPath: m_LocalRotation.x
      value: 0
      objectReference: {fileID: 0}
    - target: {fileID: 4278238013442886, guid: 2791b504cf4a7864087dc2899800ec3e, type: 2}
      propertyPath: m_LocalRotation.y
      value: 0
      objectReference: {fileID: 0}
    - target: {fileID: 4278238013442886, guid: 2791b504cf4a7864087dc2899800ec3e, type: 2}
      propertyPath: m_LocalRotation.z
      value: 0
      objectReference: {fileID: 0}
    - target: {fileID: 4278238013442886, guid: 2791b504cf4a7864087dc2899800ec3e, type: 2}
      propertyPath: m_LocalRotation.w
      value: 1
      objectReference: {fileID: 0}
    - target: {fileID: 4278238013442886, guid: 2791b504cf4a7864087dc2899800ec3e, type: 2}
      propertyPath: m_RootOrder
      value: 3
      objectReference: {fileID: 0}
    m_RemovedComponents: []
  m_ParentPrefab: {fileID: 100100000, guid: 2791b504cf4a7864087dc2899800ec3e, type: 2}
  m_IsPrefabParent: 0
--- !u!1 &819591143
GameObject:
  m_ObjectHideFlags: 0
  m_PrefabParentObject: {fileID: 1471209875477440, guid: 0923da3b95986434681cffb49707af08,
    type: 2}
  m_PrefabInternal: {fileID: 0}
  serializedVersion: 5
  m_Component:
  - component: {fileID: 819591144}
  - component: {fileID: 819591147}
  - component: {fileID: 819591146}
  - component: {fileID: 819591145}
  m_Layer: 0
  m_Name: Sphere
  m_TagString: Untagged
  m_Icon: {fileID: 0}
  m_NavMeshLayer: 0
  m_StaticEditorFlags: 0
  m_IsActive: 1
--- !u!4 &819591144
Transform:
  m_ObjectHideFlags: 0
  m_PrefabParentObject: {fileID: 4828214434009590, guid: 0923da3b95986434681cffb49707af08,
    type: 2}
  m_PrefabInternal: {fileID: 0}
  m_GameObject: {fileID: 819591143}
  m_LocalRotation: {x: 0, y: 0, z: 0, w: 1}
  m_LocalPosition: {x: 0.356, y: -0.143, z: -0.432}
  m_LocalScale: {x: 0.3, y: 0.15, z: 0.25}
  m_Children: []
  m_Father: {fileID: 1232471960}
  m_RootOrder: 8
  m_LocalEulerAnglesHint: {x: 0, y: 0, z: 0}
--- !u!23 &819591145
MeshRenderer:
  m_ObjectHideFlags: 0
  m_PrefabParentObject: {fileID: 23381566640350744, guid: 0923da3b95986434681cffb49707af08,
    type: 2}
  m_PrefabInternal: {fileID: 0}
  m_GameObject: {fileID: 819591143}
  m_Enabled: 1
  m_CastShadows: 1
  m_ReceiveShadows: 1
  m_MotionVectors: 1
  m_LightProbeUsage: 1
  m_ReflectionProbeUsage: 1
  m_Materials:
  - {fileID: 2100000, guid: a9c5b33ae4ea694448b96c7bd6086110, type: 2}
  m_StaticBatchInfo:
    firstSubMesh: 0
    subMeshCount: 0
  m_StaticBatchRoot: {fileID: 0}
  m_ProbeAnchor: {fileID: 0}
  m_LightProbeVolumeOverride: {fileID: 0}
  m_ScaleInLightmap: 1
  m_PreserveUVs: 1
  m_IgnoreNormalsForChartDetection: 0
  m_ImportantGI: 0
  m_SelectedEditorRenderState: 3
  m_MinimumChartSize: 4
  m_AutoUVMaxDistance: 0.5
  m_AutoUVMaxAngle: 89
  m_LightmapParameters: {fileID: 0}
  m_SortingLayerID: 0
  m_SortingOrder: 0
--- !u!135 &819591146
SphereCollider:
  m_ObjectHideFlags: 0
  m_PrefabParentObject: {fileID: 135419673837648948, guid: 0923da3b95986434681cffb49707af08,
    type: 2}
  m_PrefabInternal: {fileID: 0}
  m_GameObject: {fileID: 819591143}
  m_Material: {fileID: 0}
  m_IsTrigger: 0
  m_Enabled: 1
  serializedVersion: 2
  m_Radius: 0.5
  m_Center: {x: 0, y: 0, z: 0}
--- !u!33 &819591147
MeshFilter:
  m_ObjectHideFlags: 0
  m_PrefabParentObject: {fileID: 33013392374929182, guid: 0923da3b95986434681cffb49707af08,
    type: 2}
  m_PrefabInternal: {fileID: 0}
  m_GameObject: {fileID: 819591143}
  m_Mesh: {fileID: 10207, guid: 0000000000000000e000000000000000, type: 0}
--- !u!1001 &840473378
Prefab:
  m_ObjectHideFlags: 0
  serializedVersion: 2
  m_Modification:
    m_TransformParent: {fileID: 1535237365}
    m_Modifications:
    - target: {fileID: 114921205863771420, guid: b26790738b519ec48ac20b9202b0abf1,
        type: 2}
      propertyPath: dialogueFlow.Array.size
      value: 1
      objectReference: {fileID: 0}
    - target: {fileID: 114399885198079416, guid: b26790738b519ec48ac20b9202b0abf1,
        type: 2}
      propertyPath: dialogueFlow.Array.size
      value: 1
      objectReference: {fileID: 0}
    - target: {fileID: 114363628325107756, guid: b26790738b519ec48ac20b9202b0abf1,
        type: 2}
      propertyPath: dialogueFlow.Array.size
      value: 1
      objectReference: {fileID: 0}
    - target: {fileID: 114877287359989112, guid: b26790738b519ec48ac20b9202b0abf1,
        type: 2}
      propertyPath: dialogueFlow.Array.size
      value: 1
      objectReference: {fileID: 0}
    - target: {fileID: 4429395187244904, guid: b26790738b519ec48ac20b9202b0abf1, type: 2}
      propertyPath: m_LocalPosition.x
      value: 0
      objectReference: {fileID: 0}
    - target: {fileID: 4429395187244904, guid: b26790738b519ec48ac20b9202b0abf1, type: 2}
      propertyPath: m_LocalPosition.y
      value: 0
      objectReference: {fileID: 0}
    - target: {fileID: 4429395187244904, guid: b26790738b519ec48ac20b9202b0abf1, type: 2}
      propertyPath: m_LocalPosition.z
      value: 0
      objectReference: {fileID: 0}
    - target: {fileID: 4429395187244904, guid: b26790738b519ec48ac20b9202b0abf1, type: 2}
      propertyPath: m_LocalRotation.x
      value: 0
      objectReference: {fileID: 0}
    - target: {fileID: 4429395187244904, guid: b26790738b519ec48ac20b9202b0abf1, type: 2}
      propertyPath: m_LocalRotation.y
      value: 0
      objectReference: {fileID: 0}
    - target: {fileID: 4429395187244904, guid: b26790738b519ec48ac20b9202b0abf1, type: 2}
      propertyPath: m_LocalRotation.z
      value: 0
      objectReference: {fileID: 0}
    - target: {fileID: 4429395187244904, guid: b26790738b519ec48ac20b9202b0abf1, type: 2}
      propertyPath: m_LocalRotation.w
      value: 1
      objectReference: {fileID: 0}
    - target: {fileID: 4429395187244904, guid: b26790738b519ec48ac20b9202b0abf1, type: 2}
      propertyPath: m_RootOrder
      value: 0
      objectReference: {fileID: 0}
    - target: {fileID: 114921205863771420, guid: b26790738b519ec48ac20b9202b0abf1,
        type: 2}
      propertyPath: dialogueFlow.Array.data[0]
      value: 'Hey, buddy. I''m a squirrel. '
      objectReference: {fileID: 0}
    - target: {fileID: 114921205863771420, guid: b26790738b519ec48ac20b9202b0abf1,
        type: 2}
      propertyPath: HeadSprite
      value: 
      objectReference: {fileID: 0}
    - target: {fileID: 114921205863771420, guid: b26790738b519ec48ac20b9202b0abf1,
        type: 2}
      propertyPath: Name
      value: Squirrel
      objectReference: {fileID: 0}
    - target: {fileID: 114399885198079416, guid: b26790738b519ec48ac20b9202b0abf1,
        type: 2}
      propertyPath: Name
      value: Teberi
      objectReference: {fileID: 0}
    - target: {fileID: 114399885198079416, guid: b26790738b519ec48ac20b9202b0abf1,
        type: 2}
      propertyPath: dialogueFlow.Array.data[0]
      value: We already went to see Kennick, he said that granna cured him with the
        resin of a magic plant called Kahn.
      objectReference: {fileID: 0}
    - target: {fileID: 114363628325107756, guid: b26790738b519ec48ac20b9202b0abf1,
        type: 2}
      propertyPath: Name
      value: Squirrel
      objectReference: {fileID: 0}
    - target: {fileID: 114363628325107756, guid: b26790738b519ec48ac20b9202b0abf1,
        type: 2}
      propertyPath: dialogueFlow.Array.data[0]
      value: '...it''s ok.'
      objectReference: {fileID: 0}
    - target: {fileID: 114363628325107756, guid: b26790738b519ec48ac20b9202b0abf1,
        type: 2}
      propertyPath: HeadSprite
      value: 
      objectReference: {fileID: 21300000, guid: 4bafe0328417c404388cc69068addba8,
        type: 3}
    - target: {fileID: 114399885198079416, guid: b26790738b519ec48ac20b9202b0abf1,
        type: 2}
      propertyPath: HeadSprite
      value: 
      objectReference: {fileID: 0}
    - target: {fileID: 114877287359989112, guid: b26790738b519ec48ac20b9202b0abf1,
        type: 2}
      propertyPath: HeadSprite
      value: 
      objectReference: {fileID: 21300000, guid: 07d13acd05828734590d5de279d125b1,
        type: 3}
    - target: {fileID: 114877287359989112, guid: b26790738b519ec48ac20b9202b0abf1,
        type: 2}
      propertyPath: dialogueFlow.Array.data[0]
      value: '...'
      objectReference: {fileID: 0}
    - target: {fileID: 114877287359989112, guid: b26790738b519ec48ac20b9202b0abf1,
        type: 2}
      propertyPath: Name
      value: Zach
      objectReference: {fileID: 0}
    - target: {fileID: 114877287359989112, guid: b26790738b519ec48ac20b9202b0abf1,
        type: 2}
      propertyPath: FollowUp
      value: 
      objectReference: {fileID: 840473380}
    - target: {fileID: 61768388934750246, guid: b26790738b519ec48ac20b9202b0abf1,
        type: 2}
      propertyPath: m_Offset.x
      value: -0.15
      objectReference: {fileID: 0}
    - target: {fileID: 61768388934750246, guid: b26790738b519ec48ac20b9202b0abf1,
        type: 2}
      propertyPath: m_Size.x
      value: 4.23
      objectReference: {fileID: 0}
    - target: {fileID: 61768388934750246, guid: b26790738b519ec48ac20b9202b0abf1,
        type: 2}
      propertyPath: m_Size.y
      value: 4.26
      objectReference: {fileID: 0}
    - target: {fileID: 61768388934750246, guid: b26790738b519ec48ac20b9202b0abf1,
        type: 2}
      propertyPath: m_Offset.y
      value: -1.12
      objectReference: {fileID: 0}
    - target: {fileID: 114921205863771420, guid: b26790738b519ec48ac20b9202b0abf1,
        type: 2}
      propertyPath: DialogId
      value: D_SQRL_CCRT_0035
      objectReference: {fileID: 0}
    - target: {fileID: 114399885198079416, guid: b26790738b519ec48ac20b9202b0abf1,
        type: 2}
      propertyPath: DialogId
      value: D_TEBE_WTRF_0016
      objectReference: {fileID: 0}
    m_RemovedComponents: []
  m_ParentPrefab: {fileID: 100100000, guid: b26790738b519ec48ac20b9202b0abf1, type: 2}
  m_IsPrefabParent: 0
--- !u!1 &840473379 stripped
GameObject:
  m_PrefabParentObject: {fileID: 1362714471568638, guid: b26790738b519ec48ac20b9202b0abf1,
    type: 2}
  m_PrefabInternal: {fileID: 840473378}
--- !u!114 &840473380
MonoBehaviour:
  m_ObjectHideFlags: 0
  m_PrefabParentObject: {fileID: 0}
  m_PrefabInternal: {fileID: 0}
  m_GameObject: {fileID: 840473379}
  m_Enabled: 1
  m_EditorHideFlags: 0
  m_Script: {fileID: 11500000, guid: 145dc749e209caa4dae684bfe5a7393c, type: 3}
  m_Name: 
  m_EditorClassIdentifier: 
  DialogId: 
  HeadSprite: {fileID: 21300000, guid: 4bafe0328417c404388cc69068addba8, type: 3}
  dialogueFlow:
  - Got any nuts?
  Name: Squirrel
  FollowUp: {fileID: 0}
  IsStart: 0
  DisplayName: 
  Voice: {fileID: 0}
  textColor: {r: 0, g: 0, b: 0, a: 255}
  tonePitch: 1
  MaxInteractDistance: 2.5
--- !u!1 &977489521
GameObject:
  m_ObjectHideFlags: 0
  m_PrefabParentObject: {fileID: 0}
  m_PrefabInternal: {fileID: 0}
  serializedVersion: 5
  m_Component:
  - component: {fileID: 977489522}
  - component: {fileID: 977489527}
  - component: {fileID: 977489526}
  - component: {fileID: 977489525}
  - component: {fileID: 977489524}
  - component: {fileID: 977489523}
  m_Layer: 0
  m_Name: DialogObject
  m_TagString: Untagged
  m_Icon: {fileID: 0}
  m_NavMeshLayer: 0
  m_StaticEditorFlags: 0
  m_IsActive: 1
--- !u!4 &977489522
Transform:
  m_ObjectHideFlags: 0
  m_PrefabParentObject: {fileID: 0}
  m_PrefabInternal: {fileID: 0}
  m_GameObject: {fileID: 977489521}
  m_LocalRotation: {x: -0, y: -0, z: -0, w: 1}
  m_LocalPosition: {x: 0, y: 0, z: 0}
  m_LocalScale: {x: 1, y: 1, z: 1}
  m_Children: []
  m_Father: {fileID: 1983820226}
  m_RootOrder: 10
  m_LocalEulerAnglesHint: {x: 0, y: 0, z: 0}
--- !u!114 &977489523
MonoBehaviour:
  m_ObjectHideFlags: 0
  m_PrefabParentObject: {fileID: 0}
  m_PrefabInternal: {fileID: 0}
  m_GameObject: {fileID: 977489521}
  m_Enabled: 1
  m_EditorHideFlags: 0
  m_Script: {fileID: 11500000, guid: 145dc749e209caa4dae684bfe5a7393c, type: 3}
  m_Name: 
  m_EditorClassIdentifier: 
  DialogId: D_KENN_CKEN_0006
  HeadSprite: {fileID: 0}
  dialogueFlow:
  - This has never happened before! Without a daughter or a sister, there is no clear
    choice as to who takes Granna's place as Matron.
  - It's out of my hands.
  Name: <color="#808080">Kennick</color>
  FollowUp: {fileID: 0}
  IsStart: 0
  DisplayName: 
  Voice: {fileID: 0}
  textColor: {r: 0, g: 0, b: 0, a: 255}
  tonePitch: 0.8
  MaxInteractDistance: 2.5
--- !u!114 &977489524
MonoBehaviour:
  m_ObjectHideFlags: 0
  m_PrefabParentObject: {fileID: 0}
  m_PrefabInternal: {fileID: 0}
  m_GameObject: {fileID: 977489521}
  m_Enabled: 1
  m_EditorHideFlags: 0
  m_Script: {fileID: 11500000, guid: 145dc749e209caa4dae684bfe5a7393c, type: 3}
  m_Name: 
  m_EditorClassIdentifier: 
  DialogId: D_ZACH_CKEN_0005
  HeadSprite: {fileID: 21300000, guid: 572912f145bc77e4f8da5240a4245361, type: 3}
  dialogueFlow:
  - Families are leaving! Who will lead the Clan?
  Name: <color="#FFA500">Zache</color>
  FollowUp: {fileID: 977489523}
  IsStart: 0
  DisplayName: 
  Voice: {fileID: 0}
  textColor: {r: 0, g: 0, b: 0, a: 255}
  tonePitch: 1.2
  MaxInteractDistance: 2.5
--- !u!114 &977489525
MonoBehaviour:
  m_ObjectHideFlags: 0
  m_PrefabParentObject: {fileID: 0}
  m_PrefabInternal: {fileID: 0}
  m_GameObject: {fileID: 977489521}
  m_Enabled: 1
  m_EditorHideFlags: 0
  m_Script: {fileID: 11500000, guid: 145dc749e209caa4dae684bfe5a7393c, type: 3}
  m_Name: 
  m_EditorClassIdentifier: 
  DialogId: D_KENN_CKEN_0004
  HeadSprite: {fileID: 0}
  dialogueFlow:
  - If the Clan wants to argue, let them argue. I have no say in the matter.
  Name: <color="#808080">Kennick</color>
  FollowUp: {fileID: 977489524}
  IsStart: 0
  DisplayName: 
  Voice: {fileID: 0}
  textColor: {r: 0, g: 0, b: 0, a: 255}
  tonePitch: 0.8
  MaxInteractDistance: 2.5
--- !u!114 &977489526
MonoBehaviour:
  m_ObjectHideFlags: 0
  m_PrefabParentObject: {fileID: 0}
  m_PrefabInternal: {fileID: 0}
  m_GameObject: {fileID: 977489521}
  m_Enabled: 1
  m_EditorHideFlags: 0
  m_Script: {fileID: 11500000, guid: 145dc749e209caa4dae684bfe5a7393c, type: 3}
  m_Name: 
  m_EditorClassIdentifier: 
  DialogId: D_ZACH_CKEN_0003
  HeadSprite: {fileID: 21300000, guid: 572912f145bc77e4f8da5240a4245361, type: 3}
  dialogueFlow:
  - Kennick, you have to do something!
  Name: <color="#FFA500">Zache</color>
  FollowUp: {fileID: 977489525}
  IsStart: 1
  DisplayName: 
  Voice: {fileID: 0}
  textColor: {r: 0, g: 0, b: 0, a: 255}
  tonePitch: 1.2
  MaxInteractDistance: 2.5
--- !u!61 &977489527
BoxCollider2D:
  m_ObjectHideFlags: 0
  m_PrefabParentObject: {fileID: 0}
  m_PrefabInternal: {fileID: 0}
  m_GameObject: {fileID: 977489521}
  m_Enabled: 1
  m_Density: 1
  m_Material: {fileID: 0}
  m_IsTrigger: 0
  m_UsedByEffector: 0
  m_Offset: {x: 0, y: 0}
  serializedVersion: 2
  m_Size: {x: 1, y: 1}
--- !u!1 &1008875681
GameObject:
  m_ObjectHideFlags: 0
  m_PrefabParentObject: {fileID: 0}
  m_PrefabInternal: {fileID: 0}
  serializedVersion: 5
  m_Component:
  - component: {fileID: 1008875682}
  - component: {fileID: 1008875683}
  m_Layer: 0
  m_Name: courtyard_room_base_720
  m_TagString: Untagged
  m_Icon: {fileID: 0}
  m_NavMeshLayer: 0
  m_StaticEditorFlags: 0
  m_IsActive: 1
--- !u!4 &1008875682
Transform:
  m_ObjectHideFlags: 0
  m_PrefabParentObject: {fileID: 0}
  m_PrefabInternal: {fileID: 0}
  m_GameObject: {fileID: 1008875681}
  m_LocalRotation: {x: -0, y: -0, z: -0, w: 1}
  m_LocalPosition: {x: 0, y: 0, z: 0}
  m_LocalScale: {x: 1, y: 1, z: 1}
  m_Children: []
  m_Father: {fileID: 1206763254}
  m_RootOrder: 0
  m_LocalEulerAnglesHint: {x: 0, y: 0, z: 0}
--- !u!212 &1008875683
SpriteRenderer:
  m_ObjectHideFlags: 0
  m_PrefabParentObject: {fileID: 0}
  m_PrefabInternal: {fileID: 0}
  m_GameObject: {fileID: 1008875681}
  m_Enabled: 1
  m_CastShadows: 0
  m_ReceiveShadows: 0
  m_MotionVectors: 1
  m_LightProbeUsage: 0
  m_ReflectionProbeUsage: 0
  m_Materials:
  - {fileID: 10754, guid: 0000000000000000f000000000000000, type: 0}
  m_StaticBatchInfo:
    firstSubMesh: 0
    subMeshCount: 0
  m_StaticBatchRoot: {fileID: 0}
  m_ProbeAnchor: {fileID: 0}
  m_LightProbeVolumeOverride: {fileID: 0}
  m_ScaleInLightmap: 1
  m_PreserveUVs: 0
  m_IgnoreNormalsForChartDetection: 0
  m_ImportantGI: 0
  m_SelectedEditorRenderState: 0
  m_MinimumChartSize: 4
  m_AutoUVMaxDistance: 0.5
  m_AutoUVMaxAngle: 89
  m_LightmapParameters: {fileID: 0}
  m_SortingLayerID: 0
  m_SortingOrder: -100
  m_Sprite: {fileID: 21300000, guid: c76af20c576df489e9f2957aa4c07f3b, type: 3}
  m_Color: {r: 1, g: 1, b: 1, a: 1}
  m_FlipX: 0
  m_FlipY: 0
--- !u!1 &1154338762
GameObject:
  m_ObjectHideFlags: 0
  m_PrefabParentObject: {fileID: 1532027162942908, guid: 0923da3b95986434681cffb49707af08,
    type: 2}
  m_PrefabInternal: {fileID: 0}
  serializedVersion: 5
  m_Component:
  - component: {fileID: 1154338763}
  - component: {fileID: 1154338766}
  - component: {fileID: 1154338765}
  - component: {fileID: 1154338764}
  m_Layer: 0
  m_Name: Cube (3)
  m_TagString: Untagged
  m_Icon: {fileID: 0}
  m_NavMeshLayer: 0
  m_StaticEditorFlags: 0
  m_IsActive: 1
--- !u!4 &1154338763
Transform:
  m_ObjectHideFlags: 0
  m_PrefabParentObject: {fileID: 4212514799665370, guid: 0923da3b95986434681cffb49707af08,
    type: 2}
  m_PrefabInternal: {fileID: 0}
  m_GameObject: {fileID: 1154338762}
  m_LocalRotation: {x: -0, y: -0, z: 0.9251422, w: 0.37962076}
  m_LocalPosition: {x: -0.257, y: 0.054, z: -0.48200035}
  m_LocalScale: {x: 0.049999997, y: 0.35000002, z: 0.099999994}
  m_Children: []
  m_Father: {fileID: 1232471960}
  m_RootOrder: 3
  m_LocalEulerAnglesHint: {x: 0, y: 0, z: 135.38}
--- !u!23 &1154338764
MeshRenderer:
  m_ObjectHideFlags: 0
  m_PrefabParentObject: {fileID: 23240434375767634, guid: 0923da3b95986434681cffb49707af08,
    type: 2}
  m_PrefabInternal: {fileID: 0}
  m_GameObject: {fileID: 1154338762}
  m_Enabled: 1
  m_CastShadows: 1
  m_ReceiveShadows: 1
  m_MotionVectors: 1
  m_LightProbeUsage: 1
  m_ReflectionProbeUsage: 1
  m_Materials:
  - {fileID: 2100000, guid: 27e0baad3888d7f42aa71755dce5f8a8, type: 2}
  m_StaticBatchInfo:
    firstSubMesh: 0
    subMeshCount: 0
  m_StaticBatchRoot: {fileID: 0}
  m_ProbeAnchor: {fileID: 0}
  m_LightProbeVolumeOverride: {fileID: 0}
  m_ScaleInLightmap: 1
  m_PreserveUVs: 1
  m_IgnoreNormalsForChartDetection: 0
  m_ImportantGI: 0
  m_SelectedEditorRenderState: 3
  m_MinimumChartSize: 4
  m_AutoUVMaxDistance: 0.5
  m_AutoUVMaxAngle: 89
  m_LightmapParameters: {fileID: 0}
  m_SortingLayerID: 0
  m_SortingOrder: 0
--- !u!65 &1154338765
BoxCollider:
  m_ObjectHideFlags: 0
  m_PrefabParentObject: {fileID: 65161775402995138, guid: 0923da3b95986434681cffb49707af08,
    type: 2}
  m_PrefabInternal: {fileID: 0}
  m_GameObject: {fileID: 1154338762}
  m_Material: {fileID: 0}
  m_IsTrigger: 0
  m_Enabled: 1
  serializedVersion: 2
  m_Size: {x: 1, y: 1, z: 1}
  m_Center: {x: 0, y: 0, z: 0}
--- !u!33 &1154338766
MeshFilter:
  m_ObjectHideFlags: 0
  m_PrefabParentObject: {fileID: 33177650749744160, guid: 0923da3b95986434681cffb49707af08,
    type: 2}
  m_PrefabInternal: {fileID: 0}
  m_GameObject: {fileID: 1154338762}
  m_Mesh: {fileID: 10202, guid: 0000000000000000e000000000000000, type: 0}
--- !u!1 &1206763253
GameObject:
  m_ObjectHideFlags: 0
  m_PrefabParentObject: {fileID: 0}
  m_PrefabInternal: {fileID: 0}
  serializedVersion: 5
  m_Component:
  - component: {fileID: 1206763254}
  - component: {fileID: 1206763256}
  - component: {fileID: 1206763255}
  m_Layer: 0
  m_Name: Background
  m_TagString: Untagged
  m_Icon: {fileID: 0}
  m_NavMeshLayer: 0
  m_StaticEditorFlags: 0
  m_IsActive: 1
--- !u!4 &1206763254
Transform:
  m_ObjectHideFlags: 0
  m_PrefabParentObject: {fileID: 0}
  m_PrefabInternal: {fileID: 0}
  m_GameObject: {fileID: 1206763253}
  m_LocalRotation: {x: 0, y: 0, z: 0, w: 1}
  m_LocalPosition: {x: 7.25, y: 0, z: 0}
  m_LocalScale: {x: 1, y: 1, z: 1}
  m_Children:
  - {fileID: 1008875682}
  - {fileID: 319777046}
  - {fileID: 1440753283}
  - {fileID: 1568305664}
  m_Father: {fileID: 0}
  m_RootOrder: 1
  m_LocalEulerAnglesHint: {x: 0, y: 0, z: 0}
--- !u!95 &1206763255
Animator:
  serializedVersion: 3
  m_ObjectHideFlags: 0
  m_PrefabParentObject: {fileID: 0}
  m_PrefabInternal: {fileID: 0}
  m_GameObject: {fileID: 1206763253}
  m_Enabled: 1
  m_Avatar: {fileID: 0}
  m_Controller: {fileID: 0}
  m_CullingMode: 0
  m_UpdateMode: 0
  m_ApplyRootMotion: 0
  m_LinearVelocityBlending: 0
  m_WarningMessage: 
  m_HasTransformHierarchy: 1
  m_AllowConstantClipSamplingOptimization: 1
--- !u!212 &1206763256
SpriteRenderer:
  m_ObjectHideFlags: 0
  m_PrefabParentObject: {fileID: 0}
  m_PrefabInternal: {fileID: 0}
  m_GameObject: {fileID: 1206763253}
  m_Enabled: 1
  m_CastShadows: 0
  m_ReceiveShadows: 0
  m_MotionVectors: 1
  m_LightProbeUsage: 0
  m_ReflectionProbeUsage: 0
  m_Materials:
  - {fileID: 10754, guid: 0000000000000000f000000000000000, type: 0}
  m_StaticBatchInfo:
    firstSubMesh: 0
    subMeshCount: 0
  m_StaticBatchRoot: {fileID: 0}
  m_ProbeAnchor: {fileID: 0}
  m_LightProbeVolumeOverride: {fileID: 0}
  m_ScaleInLightmap: 1
  m_PreserveUVs: 0
  m_IgnoreNormalsForChartDetection: 0
  m_ImportantGI: 0
  m_SelectedEditorRenderState: 0
  m_MinimumChartSize: 4
  m_AutoUVMaxDistance: 0.5
  m_AutoUVMaxAngle: 89
  m_LightmapParameters: {fileID: 0}
  m_SortingLayerID: 0
  m_SortingOrder: 0
  m_Sprite: {fileID: 0}
  m_Color: {r: 1, g: 1, b: 1, a: 1}
  m_FlipX: 0
  m_FlipY: 0
--- !u!4 &1232471960
Transform:
  m_ObjectHideFlags: 0
  m_PrefabParentObject: {fileID: 4798924619458658, guid: 0923da3b95986434681cffb49707af08,
    type: 2}
  m_PrefabInternal: {fileID: 0}
  m_GameObject: {fileID: 1310247857}
  m_LocalRotation: {x: -0, y: -0, z: -0, w: 1}
  m_LocalPosition: {x: 11.21, y: 1.7, z: 0}
  m_LocalScale: {x: 1, y: 1, z: 1}
  m_Children:
  - {fileID: 1677851493}
  - {fileID: 2140524823}
  - {fileID: 1450447540}
  - {fileID: 1154338763}
  - {fileID: 1759406651}
  - {fileID: 398971371}
  - {fileID: 1323015695}
  - {fileID: 184870765}
  - {fileID: 819591144}
  - {fileID: 450388925}
  m_Father: {fileID: 2069421513}
  m_RootOrder: 4
  m_LocalEulerAnglesHint: {x: 0, y: 0, z: 0}
--- !u!1 &1259484253 stripped
GameObject:
  m_PrefabParentObject: {fileID: 1294506014116860, guid: a0882b071c4438647b607f38d45cc694,
    type: 2}
  m_PrefabInternal: {fileID: 103998965}
--- !u!114 &1259484254
MonoBehaviour:
  m_ObjectHideFlags: 0
  m_PrefabParentObject: {fileID: 0}
  m_PrefabInternal: {fileID: 0}
  m_GameObject: {fileID: 1259484253}
  m_Enabled: 1
  m_EditorHideFlags: 0
  m_Script: {fileID: 11500000, guid: 31aaa318fd9af90428714cd0ebc95d99, type: 3}
  m_Name: 
  m_EditorClassIdentifier: 
  LeftAction: 0
  RightAction: 1
  Name: Unknown
  InteractText: Unknown Interacttext
  ListenText: Unknown Listentext
  UnlockKey: 
  IsInteractable: 1
  MaxInteractDistance: 2.5
  FailMessage: []
  headSprite: {fileID: 0}
  textSpeed: 0.04
  cancelDistance: 20
  dialogueFlow: []
  playerLeaveLines: []
  playerReturnLines: []
  playerTooLongLines: []
  Followup: {fileID: 0}
  Voice: {fileID: 0}
  textColor: {r: 0, g: 0, b: 0, a: 255}
  tonePitch: 1
--- !u!61 &1259484255
BoxCollider2D:
  m_ObjectHideFlags: 0
  m_PrefabParentObject: {fileID: 0}
  m_PrefabInternal: {fileID: 0}
  m_GameObject: {fileID: 1259484253}
  m_Enabled: 1
  m_Density: 1
  m_Material: {fileID: 0}
  m_IsTrigger: 0
  m_UsedByEffector: 0
  m_Offset: {x: 0, y: 0}
  serializedVersion: 2
  m_Size: {x: 1, y: 1}
--- !u!1 &1310247857
GameObject:
  m_ObjectHideFlags: 0
  m_PrefabParentObject: {fileID: 1818817207098494, guid: 0923da3b95986434681cffb49707af08,
    type: 2}
  m_PrefabInternal: {fileID: 0}
  serializedVersion: 5
  m_Component:
  - component: {fileID: 1232471960}
  - component: {fileID: 1310247860}
  - component: {fileID: 1310247859}
  - component: {fileID: 1310247858}
  m_Layer: 0
  m_Name: Box-chan
  m_TagString: Untagged
  m_Icon: {fileID: 0}
  m_NavMeshLayer: 0
  m_StaticEditorFlags: 0
  m_IsActive: 1
--- !u!23 &1310247858
MeshRenderer:
  m_ObjectHideFlags: 0
  m_PrefabParentObject: {fileID: 23156984619865702, guid: 0923da3b95986434681cffb49707af08,
    type: 2}
  m_PrefabInternal: {fileID: 0}
  m_GameObject: {fileID: 1310247857}
  m_Enabled: 1
  m_CastShadows: 1
  m_ReceiveShadows: 1
  m_MotionVectors: 1
  m_LightProbeUsage: 1
  m_ReflectionProbeUsage: 1
  m_Materials:
  - {fileID: 2100000, guid: 877584f493f93b042ae49758935c21ef, type: 2}
  m_StaticBatchInfo:
    firstSubMesh: 0
    subMeshCount: 0
  m_StaticBatchRoot: {fileID: 0}
  m_ProbeAnchor: {fileID: 0}
  m_LightProbeVolumeOverride: {fileID: 0}
  m_ScaleInLightmap: 1
  m_PreserveUVs: 1
  m_IgnoreNormalsForChartDetection: 0
  m_ImportantGI: 0
  m_SelectedEditorRenderState: 3
  m_MinimumChartSize: 4
  m_AutoUVMaxDistance: 0.5
  m_AutoUVMaxAngle: 89
  m_LightmapParameters: {fileID: 0}
  m_SortingLayerID: 0
  m_SortingOrder: 0
--- !u!65 &1310247859
BoxCollider:
  m_ObjectHideFlags: 0
  m_PrefabParentObject: {fileID: 65849669956401384, guid: 0923da3b95986434681cffb49707af08,
    type: 2}
  m_PrefabInternal: {fileID: 0}
  m_GameObject: {fileID: 1310247857}
  m_Material: {fileID: 0}
  m_IsTrigger: 0
  m_Enabled: 1
  serializedVersion: 2
  m_Size: {x: 1, y: 1, z: 1}
  m_Center: {x: 0, y: 0, z: 0}
--- !u!33 &1310247860
MeshFilter:
  m_ObjectHideFlags: 0
  m_PrefabParentObject: {fileID: 33023737838489992, guid: 0923da3b95986434681cffb49707af08,
    type: 2}
  m_PrefabInternal: {fileID: 0}
  m_GameObject: {fileID: 1310247857}
  m_Mesh: {fileID: 10202, guid: 0000000000000000e000000000000000, type: 0}
--- !u!1 &1323015694
GameObject:
  m_ObjectHideFlags: 0
  m_PrefabParentObject: {fileID: 1597479971199520, guid: 0923da3b95986434681cffb49707af08,
    type: 2}
  m_PrefabInternal: {fileID: 0}
  serializedVersion: 5
  m_Component:
  - component: {fileID: 1323015695}
  - component: {fileID: 1323015698}
  - component: {fileID: 1323015697}
  - component: {fileID: 1323015696}
  m_Layer: 0
  m_Name: Cube (9)
  m_TagString: Untagged
  m_Icon: {fileID: 0}
  m_NavMeshLayer: 0
  m_StaticEditorFlags: 0
  m_IsActive: 1
--- !u!4 &1323015695
Transform:
  m_ObjectHideFlags: 0
  m_PrefabParentObject: {fileID: 4185855930517194, guid: 0923da3b95986434681cffb49707af08,
    type: 2}
  m_PrefabInternal: {fileID: 0}
  m_GameObject: {fileID: 1323015694}
  m_LocalRotation: {x: -0, y: -0, z: 0.92975676, w: -0.36817455}
  m_LocalPosition: {x: -0.183, y: -0.296, z: -0.48200035}
  m_LocalScale: {x: 0.020000022, y: 0.2000002, z: 0.099999994}
  m_Children: []
  m_Father: {fileID: 1232471960}
  m_RootOrder: 6
  m_LocalEulerAnglesHint: {x: 0, y: 0, z: 223.206}
--- !u!23 &1323015696
MeshRenderer:
  m_ObjectHideFlags: 0
  m_PrefabParentObject: {fileID: 23540462558909924, guid: 0923da3b95986434681cffb49707af08,
    type: 2}
  m_PrefabInternal: {fileID: 0}
  m_GameObject: {fileID: 1323015694}
  m_Enabled: 1
  m_CastShadows: 1
  m_ReceiveShadows: 1
  m_MotionVectors: 1
  m_LightProbeUsage: 1
  m_ReflectionProbeUsage: 1
  m_Materials:
  - {fileID: 2100000, guid: 27e0baad3888d7f42aa71755dce5f8a8, type: 2}
  m_StaticBatchInfo:
    firstSubMesh: 0
    subMeshCount: 0
  m_StaticBatchRoot: {fileID: 0}
  m_ProbeAnchor: {fileID: 0}
  m_LightProbeVolumeOverride: {fileID: 0}
  m_ScaleInLightmap: 1
  m_PreserveUVs: 1
  m_IgnoreNormalsForChartDetection: 0
  m_ImportantGI: 0
  m_SelectedEditorRenderState: 3
  m_MinimumChartSize: 4
  m_AutoUVMaxDistance: 0.5
  m_AutoUVMaxAngle: 89
  m_LightmapParameters: {fileID: 0}
  m_SortingLayerID: 0
  m_SortingOrder: 0
--- !u!65 &1323015697
BoxCollider:
  m_ObjectHideFlags: 0
  m_PrefabParentObject: {fileID: 65915639089980382, guid: 0923da3b95986434681cffb49707af08,
    type: 2}
  m_PrefabInternal: {fileID: 0}
  m_GameObject: {fileID: 1323015694}
  m_Material: {fileID: 0}
  m_IsTrigger: 0
  m_Enabled: 1
  serializedVersion: 2
  m_Size: {x: 1, y: 1, z: 1}
  m_Center: {x: 0, y: 0, z: 0}
--- !u!33 &1323015698
MeshFilter:
  m_ObjectHideFlags: 0
  m_PrefabParentObject: {fileID: 33507439669222966, guid: 0923da3b95986434681cffb49707af08,
    type: 2}
  m_PrefabInternal: {fileID: 0}
  m_GameObject: {fileID: 1323015694}
  m_Mesh: {fileID: 10202, guid: 0000000000000000e000000000000000, type: 0}
--- !u!1001 &1416336380
Prefab:
  m_ObjectHideFlags: 0
  serializedVersion: 2
  m_Modification:
    m_TransformParent: {fileID: 1653019935}
    m_Modifications:
    - target: {fileID: 114921205863771420, guid: b26790738b519ec48ac20b9202b0abf1,
        type: 2}
      propertyPath: dialogueFlow.Array.size
      value: 4
      objectReference: {fileID: 0}
    - target: {fileID: 4429395187244904, guid: b26790738b519ec48ac20b9202b0abf1, type: 2}
      propertyPath: m_LocalPosition.x
      value: 0
      objectReference: {fileID: 0}
    - target: {fileID: 4429395187244904, guid: b26790738b519ec48ac20b9202b0abf1, type: 2}
      propertyPath: m_LocalPosition.y
      value: 0
      objectReference: {fileID: 0}
    - target: {fileID: 4429395187244904, guid: b26790738b519ec48ac20b9202b0abf1, type: 2}
      propertyPath: m_LocalPosition.z
      value: 0
      objectReference: {fileID: 0}
    - target: {fileID: 4429395187244904, guid: b26790738b519ec48ac20b9202b0abf1, type: 2}
      propertyPath: m_LocalRotation.x
      value: 0
      objectReference: {fileID: 0}
    - target: {fileID: 4429395187244904, guid: b26790738b519ec48ac20b9202b0abf1, type: 2}
      propertyPath: m_LocalRotation.y
      value: 0
      objectReference: {fileID: 0}
    - target: {fileID: 4429395187244904, guid: b26790738b519ec48ac20b9202b0abf1, type: 2}
      propertyPath: m_LocalRotation.z
      value: 0
      objectReference: {fileID: 0}
    - target: {fileID: 4429395187244904, guid: b26790738b519ec48ac20b9202b0abf1, type: 2}
      propertyPath: m_LocalRotation.w
      value: 1
      objectReference: {fileID: 0}
    - target: {fileID: 4429395187244904, guid: b26790738b519ec48ac20b9202b0abf1, type: 2}
      propertyPath: m_RootOrder
      value: 10
      objectReference: {fileID: 0}
    - target: {fileID: 114921205863771420, guid: b26790738b519ec48ac20b9202b0abf1,
        type: 2}
      propertyPath: DialogId
      value: D_NARR_PHOM_0001
      objectReference: {fileID: 0}
    - target: {fileID: 114921205863771420, guid: b26790738b519ec48ac20b9202b0abf1,
        type: 2}
      propertyPath: dialogueFlow.Array.data[0]
      value: 'After 12 days of mourning, the Clan should have gathered together, bound
        by blood and tradition. '
      objectReference: {fileID: 0}
    - target: {fileID: 114921205863771420, guid: b26790738b519ec48ac20b9202b0abf1,
        type: 2}
      propertyPath: dialogueFlow.Array.data[1]
      value: We would have smiled and laughed openly as we celebrated Granna's life
        and everything she meant to us.
      objectReference: {fileID: 0}
    - target: {fileID: 114921205863771420, guid: b26790738b519ec48ac20b9202b0abf1,
        type: 2}
      propertyPath: Name
      value: 'The Ancestors '
      objectReference: {fileID: 0}
    - target: {fileID: 114921205863771420, guid: b26790738b519ec48ac20b9202b0abf1,
        type: 2}
      propertyPath: FollowUp
      value: 
      objectReference: {fileID: 0}
    - target: {fileID: 114921205863771420, guid: b26790738b519ec48ac20b9202b0abf1,
        type: 2}
      propertyPath: dialogueFlow.Array.data[2]
      value: '...but that''s not what happened. '
      objectReference: {fileID: 0}
    - target: {fileID: 114921205863771420, guid: b26790738b519ec48ac20b9202b0abf1,
        type: 2}
      propertyPath: dialogueFlow.Array.data[3]
      value: On the 13th day, we gathered... and we argued.
      objectReference: {fileID: 0}
    m_RemovedComponents:
    - {fileID: 114399885198079416, guid: b26790738b519ec48ac20b9202b0abf1, type: 2}
    - {fileID: 114363628325107756, guid: b26790738b519ec48ac20b9202b0abf1, type: 2}
    - {fileID: 114877287359989112, guid: b26790738b519ec48ac20b9202b0abf1, type: 2}
  m_ParentPrefab: {fileID: 100100000, guid: b26790738b519ec48ac20b9202b0abf1, type: 2}
  m_IsPrefabParent: 0
--- !u!1001 &1421584798
Prefab:
  m_ObjectHideFlags: 0
  serializedVersion: 2
  m_Modification:
    m_TransformParent: {fileID: 2069421513}
    m_Modifications:
    - target: {fileID: 4813101207717968, guid: a0882b071c4438647b607f38d45cc694, type: 2}
      propertyPath: m_LocalPosition.x
      value: 8.393
      objectReference: {fileID: 0}
    - target: {fileID: 4813101207717968, guid: a0882b071c4438647b607f38d45cc694, type: 2}
      propertyPath: m_LocalPosition.y
      value: 3.655
      objectReference: {fileID: 0}
    - target: {fileID: 4813101207717968, guid: a0882b071c4438647b607f38d45cc694, type: 2}
      propertyPath: m_LocalPosition.z
      value: 0
      objectReference: {fileID: 0}
    - target: {fileID: 4813101207717968, guid: a0882b071c4438647b607f38d45cc694, type: 2}
      propertyPath: m_LocalRotation.x
      value: -0
      objectReference: {fileID: 0}
    - target: {fileID: 4813101207717968, guid: a0882b071c4438647b607f38d45cc694, type: 2}
      propertyPath: m_LocalRotation.y
      value: -0
      objectReference: {fileID: 0}
    - target: {fileID: 4813101207717968, guid: a0882b071c4438647b607f38d45cc694, type: 2}
      propertyPath: m_LocalRotation.z
      value: -0
      objectReference: {fileID: 0}
    - target: {fileID: 4813101207717968, guid: a0882b071c4438647b607f38d45cc694, type: 2}
      propertyPath: m_LocalRotation.w
      value: 1
      objectReference: {fileID: 0}
    - target: {fileID: 4813101207717968, guid: a0882b071c4438647b607f38d45cc694, type: 2}
      propertyPath: m_RootOrder
      value: 1
      objectReference: {fileID: 0}
    - target: {fileID: 1294506014116860, guid: a0882b071c4438647b607f38d45cc694, type: 2}
      propertyPath: m_Name
      value: Mumely
      objectReference: {fileID: 0}
    - target: {fileID: 4109469420570286, guid: a0882b071c4438647b607f38d45cc694, type: 2}
      propertyPath: m_RootOrder
      value: 3
      objectReference: {fileID: 0}
    - target: {fileID: 4812903850066168, guid: a0882b071c4438647b607f38d45cc694, type: 2}
      propertyPath: m_RootOrder
      value: 1
      objectReference: {fileID: 0}
    - target: {fileID: 4515978676991180, guid: a0882b071c4438647b607f38d45cc694, type: 2}
      propertyPath: m_RootOrder
      value: 6
      objectReference: {fileID: 0}
    - target: {fileID: 4063718904812182, guid: a0882b071c4438647b607f38d45cc694, type: 2}
      propertyPath: m_RootOrder
      value: 8
      objectReference: {fileID: 0}
    - target: {fileID: 4955963644858516, guid: a0882b071c4438647b607f38d45cc694, type: 2}
      propertyPath: m_RootOrder
      value: 4
      objectReference: {fileID: 0}
    - target: {fileID: 4883041044569298, guid: a0882b071c4438647b607f38d45cc694, type: 2}
      propertyPath: m_RootOrder
      value: 2
      objectReference: {fileID: 0}
    - target: {fileID: 4813467166096794, guid: a0882b071c4438647b607f38d45cc694, type: 2}
      propertyPath: m_RootOrder
      value: 9
      objectReference: {fileID: 0}
    - target: {fileID: 4002925738855184, guid: a0882b071c4438647b607f38d45cc694, type: 2}
      propertyPath: m_RootOrder
      value: 5
      objectReference: {fileID: 0}
    - target: {fileID: 4434796102788050, guid: a0882b071c4438647b607f38d45cc694, type: 2}
      propertyPath: m_RootOrder
      value: 7
      objectReference: {fileID: 0}
    - target: {fileID: 4665802971379862, guid: a0882b071c4438647b607f38d45cc694, type: 2}
      propertyPath: m_RootOrder
      value: 10
      objectReference: {fileID: 0}
    m_RemovedComponents: []
  m_ParentPrefab: {fileID: 100100000, guid: a0882b071c4438647b607f38d45cc694, type: 2}
  m_IsPrefabParent: 0
--- !u!4 &1421584799 stripped
Transform:
  m_PrefabParentObject: {fileID: 4813101207717968, guid: a0882b071c4438647b607f38d45cc694,
    type: 2}
  m_PrefabInternal: {fileID: 1421584798}
--- !u!1 &1440753282
GameObject:
  m_ObjectHideFlags: 0
  m_PrefabParentObject: {fileID: 0}
  m_PrefabInternal: {fileID: 0}
  serializedVersion: 5
  m_Component:
  - component: {fileID: 1440753283}
  - component: {fileID: 1440753284}
  m_Layer: 0
  m_Name: courtyard_room_front_720
  m_TagString: Untagged
  m_Icon: {fileID: 0}
  m_NavMeshLayer: 0
  m_StaticEditorFlags: 0
  m_IsActive: 1
--- !u!4 &1440753283
Transform:
  m_ObjectHideFlags: 0
  m_PrefabParentObject: {fileID: 0}
  m_PrefabInternal: {fileID: 0}
  m_GameObject: {fileID: 1440753282}
  m_LocalRotation: {x: -0, y: -0, z: -0, w: 1}
  m_LocalPosition: {x: 0, y: 0, z: 0}
  m_LocalScale: {x: 1, y: 1, z: 1}
  m_Children: []
  m_Father: {fileID: 1206763254}
  m_RootOrder: 2
  m_LocalEulerAnglesHint: {x: 0, y: 0, z: 0}
--- !u!212 &1440753284
SpriteRenderer:
  m_ObjectHideFlags: 0
  m_PrefabParentObject: {fileID: 0}
  m_PrefabInternal: {fileID: 0}
  m_GameObject: {fileID: 1440753282}
  m_Enabled: 1
  m_CastShadows: 0
  m_ReceiveShadows: 0
  m_MotionVectors: 1
  m_LightProbeUsage: 0
  m_ReflectionProbeUsage: 0
  m_Materials:
  - {fileID: 10754, guid: 0000000000000000f000000000000000, type: 0}
  m_StaticBatchInfo:
    firstSubMesh: 0
    subMeshCount: 0
  m_StaticBatchRoot: {fileID: 0}
  m_ProbeAnchor: {fileID: 0}
  m_LightProbeVolumeOverride: {fileID: 0}
  m_ScaleInLightmap: 1
  m_PreserveUVs: 0
  m_IgnoreNormalsForChartDetection: 0
  m_ImportantGI: 0
  m_SelectedEditorRenderState: 0
  m_MinimumChartSize: 4
  m_AutoUVMaxDistance: 0.5
  m_AutoUVMaxAngle: 89
  m_LightmapParameters: {fileID: 0}
  m_SortingLayerID: 0
  m_SortingOrder: 5
  m_Sprite: {fileID: 21300000, guid: dd9fe2714ec4c4d2d94faca3f27c5e17, type: 3}
  m_Color: {r: 1, g: 1, b: 1, a: 1}
  m_FlipX: 0
  m_FlipY: 0
--- !u!1 &1450447539
GameObject:
  m_ObjectHideFlags: 0
  m_PrefabParentObject: {fileID: 1239847106543700, guid: 0923da3b95986434681cffb49707af08,
    type: 2}
  m_PrefabInternal: {fileID: 0}
  serializedVersion: 5
  m_Component:
  - component: {fileID: 1450447540}
  - component: {fileID: 1450447543}
  - component: {fileID: 1450447542}
  - component: {fileID: 1450447541}
  m_Layer: 0
  m_Name: Cube (2)
  m_TagString: Untagged
  m_Icon: {fileID: 0}
  m_NavMeshLayer: 0
  m_StaticEditorFlags: 0
  m_IsActive: 1
--- !u!4 &1450447540
Transform:
  m_ObjectHideFlags: 0
  m_PrefabParentObject: {fileID: 4621292873593464, guid: 0923da3b95986434681cffb49707af08,
    type: 2}
  m_PrefabInternal: {fileID: 0}
  m_GameObject: {fileID: 1450447539}
  m_LocalRotation: {x: -0, y: -0, z: 0.40036076, w: 0.91635764}
  m_LocalPosition: {x: -0.255, y: 0.27, z: -0.48200035}
  m_LocalScale: {x: 0.049999997, y: 0.35000002, z: 0.099999994}
  m_Children: []
  m_Father: {fileID: 1232471960}
  m_RootOrder: 2
  m_LocalEulerAnglesHint: {x: 0, y: 0, z: 47.201004}
--- !u!23 &1450447541
MeshRenderer:
  m_ObjectHideFlags: 0
  m_PrefabParentObject: {fileID: 23680506343229488, guid: 0923da3b95986434681cffb49707af08,
    type: 2}
  m_PrefabInternal: {fileID: 0}
  m_GameObject: {fileID: 1450447539}
  m_Enabled: 1
  m_CastShadows: 1
  m_ReceiveShadows: 1
  m_MotionVectors: 1
  m_LightProbeUsage: 1
  m_ReflectionProbeUsage: 1
  m_Materials:
  - {fileID: 2100000, guid: 27e0baad3888d7f42aa71755dce5f8a8, type: 2}
  m_StaticBatchInfo:
    firstSubMesh: 0
    subMeshCount: 0
  m_StaticBatchRoot: {fileID: 0}
  m_ProbeAnchor: {fileID: 0}
  m_LightProbeVolumeOverride: {fileID: 0}
  m_ScaleInLightmap: 1
  m_PreserveUVs: 1
  m_IgnoreNormalsForChartDetection: 0
  m_ImportantGI: 0
  m_SelectedEditorRenderState: 3
  m_MinimumChartSize: 4
  m_AutoUVMaxDistance: 0.5
  m_AutoUVMaxAngle: 89
  m_LightmapParameters: {fileID: 0}
  m_SortingLayerID: 0
  m_SortingOrder: 0
--- !u!65 &1450447542
BoxCollider:
  m_ObjectHideFlags: 0
  m_PrefabParentObject: {fileID: 65475380056533316, guid: 0923da3b95986434681cffb49707af08,
    type: 2}
  m_PrefabInternal: {fileID: 0}
  m_GameObject: {fileID: 1450447539}
  m_Material: {fileID: 0}
  m_IsTrigger: 0
  m_Enabled: 1
  serializedVersion: 2
  m_Size: {x: 1, y: 1, z: 1}
  m_Center: {x: 0, y: 0, z: 0}
--- !u!33 &1450447543
MeshFilter:
  m_ObjectHideFlags: 0
  m_PrefabParentObject: {fileID: 33905084227934904, guid: 0923da3b95986434681cffb49707af08,
    type: 2}
  m_PrefabInternal: {fileID: 0}
  m_GameObject: {fileID: 1450447539}
  m_Mesh: {fileID: 10202, guid: 0000000000000000e000000000000000, type: 0}
--- !u!1001 &1535237364
Prefab:
  m_ObjectHideFlags: 0
  serializedVersion: 2
  m_Modification:
    m_TransformParent: {fileID: 2069421513}
    m_Modifications:
    - target: {fileID: 4109459398419576, guid: 6a65a85403e7399468dfe363b1c88209, type: 2}
      propertyPath: m_LocalPosition.x
      value: 11.48
      objectReference: {fileID: 0}
    - target: {fileID: 4109459398419576, guid: 6a65a85403e7399468dfe363b1c88209, type: 2}
      propertyPath: m_LocalPosition.y
      value: 3.47
      objectReference: {fileID: 0}
    - target: {fileID: 4109459398419576, guid: 6a65a85403e7399468dfe363b1c88209, type: 2}
      propertyPath: m_LocalPosition.z
      value: 0
      objectReference: {fileID: 0}
    - target: {fileID: 4109459398419576, guid: 6a65a85403e7399468dfe363b1c88209, type: 2}
      propertyPath: m_LocalRotation.x
      value: -0
      objectReference: {fileID: 0}
    - target: {fileID: 4109459398419576, guid: 6a65a85403e7399468dfe363b1c88209, type: 2}
      propertyPath: m_LocalRotation.y
      value: -0
      objectReference: {fileID: 0}
    - target: {fileID: 4109459398419576, guid: 6a65a85403e7399468dfe363b1c88209, type: 2}
      propertyPath: m_LocalRotation.z
      value: 0.40673664
      objectReference: {fileID: 0}
    - target: {fileID: 4109459398419576, guid: 6a65a85403e7399468dfe363b1c88209, type: 2}
      propertyPath: m_LocalRotation.w
      value: 0.9135455
      objectReference: {fileID: 0}
    - target: {fileID: 4109459398419576, guid: 6a65a85403e7399468dfe363b1c88209, type: 2}
      propertyPath: m_RootOrder
      value: 5
      objectReference: {fileID: 0}
    - target: {fileID: 4109459398419576, guid: 6a65a85403e7399468dfe363b1c88209, type: 2}
      propertyPath: m_LocalEulerAnglesHint.x
      value: 0
      objectReference: {fileID: 0}
    - target: {fileID: 4109459398419576, guid: 6a65a85403e7399468dfe363b1c88209, type: 2}
      propertyPath: m_LocalEulerAnglesHint.y
      value: 0
      objectReference: {fileID: 0}
    - target: {fileID: 4109459398419576, guid: 6a65a85403e7399468dfe363b1c88209, type: 2}
      propertyPath: m_LocalEulerAnglesHint.z
      value: 48
      objectReference: {fileID: 0}
    - target: {fileID: 4109459398419576, guid: 6a65a85403e7399468dfe363b1c88209, type: 2}
      propertyPath: m_LocalScale.x
      value: 0.10000001
      objectReference: {fileID: 0}
    - target: {fileID: 4109459398419576, guid: 6a65a85403e7399468dfe363b1c88209, type: 2}
      propertyPath: m_LocalScale.y
      value: 0.10000001
      objectReference: {fileID: 0}
    m_RemovedComponents: []
  m_ParentPrefab: {fileID: 100100000, guid: 6a65a85403e7399468dfe363b1c88209, type: 2}
  m_IsPrefabParent: 0
--- !u!4 &1535237365 stripped
Transform:
  m_PrefabParentObject: {fileID: 4109459398419576, guid: 6a65a85403e7399468dfe363b1c88209,
    type: 2}
  m_PrefabInternal: {fileID: 1535237364}
--- !u!1 &1568305663
GameObject:
  m_ObjectHideFlags: 0
  m_PrefabParentObject: {fileID: 0}
  m_PrefabInternal: {fileID: 0}
  serializedVersion: 5
  m_Component:
  - component: {fileID: 1568305664}
  - component: {fileID: 1568305665}
  m_Layer: 0
  m_Name: NavigationMesh
  m_TagString: Untagged
  m_Icon: {fileID: 0}
  m_NavMeshLayer: 0
  m_StaticEditorFlags: 0
  m_IsActive: 1
--- !u!4 &1568305664
Transform:
  m_ObjectHideFlags: 0
  m_PrefabParentObject: {fileID: 0}
  m_PrefabInternal: {fileID: 0}
  m_GameObject: {fileID: 1568305663}
  m_LocalRotation: {x: 0, y: 0, z: 0, w: 1}
  m_LocalPosition: {x: 0, y: 0, z: 0}
  m_LocalScale: {x: 1, y: 1, z: 1}
  m_Children: []
  m_Father: {fileID: 1206763254}
  m_RootOrder: 3
  m_LocalEulerAnglesHint: {x: 0, y: 0, z: 0}
--- !u!114 &1568305665
MonoBehaviour:
  m_ObjectHideFlags: 0
  m_PrefabParentObject: {fileID: 0}
  m_PrefabInternal: {fileID: 0}
  m_GameObject: {fileID: 1568305663}
  m_Enabled: 1
  m_EditorHideFlags: 0
  m_Script: {fileID: 11500000, guid: 7096b590558cf40369f939059248f262, type: 3}
  m_Name: 
  m_EditorClassIdentifier: 
  dims:
    x: 0
    y: 0
  areas:
  - serializedVersion: 2
    x: 0.06460667
    y: 0.6806288
    width: 2.58
    height: 1.0622265
  - serializedVersion: 2
    x: 2.41
    y: 0.8288462
    width: 1.26
    height: 0.27173257
  - serializedVersion: 2
    x: 3.5477214
    y: 0.8535495
    width: 1.7786117
    height: 2.470294
  - serializedVersion: 2
    x: 3.8194542
    y: 2.86
    width: 7.31207
    height: 0.64
  - serializedVersion: 2
    x: 9.03
    y: 0.85
    width: 2.16
    height: 2.36
  - serializedVersion: 2
    x: 4.980492
    y: 0.95236087
    width: 4.0759845
    height: 1.1610384
  - serializedVersion: 2
    x: 11.02
    y: 0.87825227
    width: 3.7
    height: 0.46935582
  - serializedVersion: 2
    x: 11.551449
    y: 1.9898884
    width: 0.049427032
    height: 0.0000034570694
  - serializedVersion: 2
    x: 11.02
    y: 1.2241023
    width: 2.6
    height: 0.7410865
  - serializedVersion: 2
    x: 11.02
    y: 1.8169715
    width: 3.7
    height: 0.37054324
  - serializedVersion: 2
    x: 2.2529273
    y: 1.5678179
    width: 1.4152122
    height: 0.67036366
  - serializedVersion: 2
    x: 10.89
    y: 3.23
    width: 1.8372927
    height: 0.58
--- !u!1001 &1653019934
Prefab:
  m_ObjectHideFlags: 0
  serializedVersion: 2
  m_Modification:
    m_TransformParent: {fileID: 2069421513}
    m_Modifications:
    - target: {fileID: 4813101207717968, guid: a0882b071c4438647b607f38d45cc694, type: 2}
      propertyPath: m_LocalPosition.x
      value: 3.71
      objectReference: {fileID: 0}
    - target: {fileID: 4813101207717968, guid: a0882b071c4438647b607f38d45cc694, type: 2}
      propertyPath: m_LocalPosition.y
      value: 1.61
      objectReference: {fileID: 0}
    - target: {fileID: 4813101207717968, guid: a0882b071c4438647b607f38d45cc694, type: 2}
      propertyPath: m_LocalPosition.z
      value: 0
      objectReference: {fileID: 0}
    - target: {fileID: 4813101207717968, guid: a0882b071c4438647b607f38d45cc694, type: 2}
      propertyPath: m_LocalRotation.x
      value: -0
      objectReference: {fileID: 0}
    - target: {fileID: 4813101207717968, guid: a0882b071c4438647b607f38d45cc694, type: 2}
      propertyPath: m_LocalRotation.y
      value: -0
      objectReference: {fileID: 0}
    - target: {fileID: 4813101207717968, guid: a0882b071c4438647b607f38d45cc694, type: 2}
      propertyPath: m_LocalRotation.z
      value: -0
      objectReference: {fileID: 0}
    - target: {fileID: 4813101207717968, guid: a0882b071c4438647b607f38d45cc694, type: 2}
      propertyPath: m_LocalRotation.w
      value: 1
      objectReference: {fileID: 0}
    - target: {fileID: 4813101207717968, guid: a0882b071c4438647b607f38d45cc694, type: 2}
      propertyPath: m_RootOrder
      value: 3
      objectReference: {fileID: 0}
    - target: {fileID: 1294506014116860, guid: a0882b071c4438647b607f38d45cc694, type: 2}
      propertyPath: m_Name
      value: TheAncestors
      objectReference: {fileID: 0}
    m_RemovedComponents: []
  m_ParentPrefab: {fileID: 100100000, guid: a0882b071c4438647b607f38d45cc694, type: 2}
  m_IsPrefabParent: 0
--- !u!4 &1653019935 stripped
Transform:
  m_PrefabParentObject: {fileID: 4813101207717968, guid: a0882b071c4438647b607f38d45cc694,
    type: 2}
  m_PrefabInternal: {fileID: 1653019934}
--- !u!1 &1677851492
GameObject:
  m_ObjectHideFlags: 0
  m_PrefabParentObject: {fileID: 1315463794717678, guid: 0923da3b95986434681cffb49707af08,
    type: 2}
  m_PrefabInternal: {fileID: 0}
  serializedVersion: 5
  m_Component:
  - component: {fileID: 1677851493}
  - component: {fileID: 1677851496}
  - component: {fileID: 1677851495}
  - component: {fileID: 1677851494}
  m_Layer: 0
  m_Name: Cube
  m_TagString: Untagged
  m_Icon: {fileID: 0}
  m_NavMeshLayer: 0
  m_StaticEditorFlags: 0
  m_IsActive: 1
--- !u!4 &1677851493
Transform:
  m_ObjectHideFlags: 0
  m_PrefabParentObject: {fileID: 4834988066745806, guid: 0923da3b95986434681cffb49707af08,
    type: 2}
  m_PrefabInternal: {fileID: 0}
  m_GameObject: {fileID: 1677851492}
  m_LocalRotation: {x: -0, y: -0, z: -0.41669652, w: 0.9090457}
  m_LocalPosition: {x: 0.25699997, y: 0.27699995, z: -0.48200035}
  m_LocalScale: {x: 0.05, y: 0.35, z: 0.1}
  m_Children: []
  m_Father: {fileID: 1232471960}
  m_RootOrder: 0
  m_LocalEulerAnglesHint: {x: 0, y: 0, z: -49.252003}
--- !u!23 &1677851494
MeshRenderer:
  m_ObjectHideFlags: 0
  m_PrefabParentObject: {fileID: 23886842418065136, guid: 0923da3b95986434681cffb49707af08,
    type: 2}
  m_PrefabInternal: {fileID: 0}
  m_GameObject: {fileID: 1677851492}
  m_Enabled: 1
  m_CastShadows: 1
  m_ReceiveShadows: 1
  m_MotionVectors: 1
  m_LightProbeUsage: 1
  m_ReflectionProbeUsage: 1
  m_Materials:
  - {fileID: 2100000, guid: 27e0baad3888d7f42aa71755dce5f8a8, type: 2}
  m_StaticBatchInfo:
    firstSubMesh: 0
    subMeshCount: 0
  m_StaticBatchRoot: {fileID: 0}
  m_ProbeAnchor: {fileID: 0}
  m_LightProbeVolumeOverride: {fileID: 0}
  m_ScaleInLightmap: 1
  m_PreserveUVs: 1
  m_IgnoreNormalsForChartDetection: 0
  m_ImportantGI: 0
  m_SelectedEditorRenderState: 3
  m_MinimumChartSize: 4
  m_AutoUVMaxDistance: 0.5
  m_AutoUVMaxAngle: 89
  m_LightmapParameters: {fileID: 0}
  m_SortingLayerID: 0
  m_SortingOrder: 0
--- !u!65 &1677851495
BoxCollider:
  m_ObjectHideFlags: 0
  m_PrefabParentObject: {fileID: 65640152372521468, guid: 0923da3b95986434681cffb49707af08,
    type: 2}
  m_PrefabInternal: {fileID: 0}
  m_GameObject: {fileID: 1677851492}
  m_Material: {fileID: 0}
  m_IsTrigger: 0
  m_Enabled: 1
  serializedVersion: 2
  m_Size: {x: 1, y: 1, z: 1}
  m_Center: {x: 0, y: 0, z: 0}
--- !u!33 &1677851496
MeshFilter:
  m_ObjectHideFlags: 0
  m_PrefabParentObject: {fileID: 33375093955352972, guid: 0923da3b95986434681cffb49707af08,
    type: 2}
  m_PrefabInternal: {fileID: 0}
  m_GameObject: {fileID: 1677851492}
  m_Mesh: {fileID: 10202, guid: 0000000000000000e000000000000000, type: 0}
--- !u!1001 &1702587238
Prefab:
  m_ObjectHideFlags: 0
  serializedVersion: 2
  m_Modification:
    m_TransformParent: {fileID: 356208979}
    m_Modifications:
    - target: {fileID: 4092172825485600, guid: 69bb63ee6a4252a4abcfdaad51a6ae17, type: 2}
      propertyPath: m_LocalPosition.x
      value: 4.2
      objectReference: {fileID: 0}
    - target: {fileID: 4092172825485600, guid: 69bb63ee6a4252a4abcfdaad51a6ae17, type: 2}
      propertyPath: m_LocalPosition.y
      value: 4.05
      objectReference: {fileID: 0}
    - target: {fileID: 4092172825485600, guid: 69bb63ee6a4252a4abcfdaad51a6ae17, type: 2}
      propertyPath: m_LocalPosition.z
      value: 0
      objectReference: {fileID: 0}
    - target: {fileID: 4092172825485600, guid: 69bb63ee6a4252a4abcfdaad51a6ae17, type: 2}
      propertyPath: m_LocalRotation.x
      value: -0
      objectReference: {fileID: 0}
    - target: {fileID: 4092172825485600, guid: 69bb63ee6a4252a4abcfdaad51a6ae17, type: 2}
      propertyPath: m_LocalRotation.y
      value: -0
      objectReference: {fileID: 0}
    - target: {fileID: 4092172825485600, guid: 69bb63ee6a4252a4abcfdaad51a6ae17, type: 2}
      propertyPath: m_LocalRotation.z
      value: -0
      objectReference: {fileID: 0}
    - target: {fileID: 4092172825485600, guid: 69bb63ee6a4252a4abcfdaad51a6ae17, type: 2}
      propertyPath: m_LocalRotation.w
      value: 1
      objectReference: {fileID: 0}
    - target: {fileID: 4092172825485600, guid: 69bb63ee6a4252a4abcfdaad51a6ae17, type: 2}
      propertyPath: m_RootOrder
      value: 0
      objectReference: {fileID: 0}
    - target: {fileID: 4092172825485600, guid: 69bb63ee6a4252a4abcfdaad51a6ae17, type: 2}
      propertyPath: m_LocalScale.y
      value: 1
      objectReference: {fileID: 0}
    - target: {fileID: 4092172825485600, guid: 69bb63ee6a4252a4abcfdaad51a6ae17, type: 2}
      propertyPath: m_LocalScale.x
      value: 1
      objectReference: {fileID: 0}
    - target: {fileID: 1004189633037986, guid: 69bb63ee6a4252a4abcfdaad51a6ae17, type: 2}
      propertyPath: m_Name
      value: room_passage
      objectReference: {fileID: 0}
    - target: {fileID: 114406496941662998, guid: 69bb63ee6a4252a4abcfdaad51a6ae17,
        type: 2}
      propertyPath: destinationDoor
      value: court_passage
      objectReference: {fileID: 0}
    - target: {fileID: 114406496941662998, guid: 69bb63ee6a4252a4abcfdaad51a6ae17,
        type: 2}
      propertyPath: exitGameObjectName
      value: court_exit
      objectReference: {fileID: 0}
    - target: {fileID: 4092172825485600, guid: 69bb63ee6a4252a4abcfdaad51a6ae17, type: 2}
      propertyPath: m_LocalScale.z
      value: 1
      objectReference: {fileID: 0}
    - target: {fileID: 61748919205894674, guid: 69bb63ee6a4252a4abcfdaad51a6ae17,
        type: 2}
      propertyPath: m_Size.x
      value: 0.78
      objectReference: {fileID: 0}
    - target: {fileID: 61748919205894674, guid: 69bb63ee6a4252a4abcfdaad51a6ae17,
        type: 2}
      propertyPath: m_Offset.x
      value: 0.06
      objectReference: {fileID: 0}
    - target: {fileID: 61748919205894674, guid: 69bb63ee6a4252a4abcfdaad51a6ae17,
        type: 2}
      propertyPath: m_Size.y
      value: 1.46
      objectReference: {fileID: 0}
    m_RemovedComponents: []
  m_ParentPrefab: {fileID: 100100000, guid: 69bb63ee6a4252a4abcfdaad51a6ae17, type: 2}
  m_IsPrefabParent: 0
--- !u!4 &1702587239 stripped
Transform:
  m_PrefabParentObject: {fileID: 4092172825485600, guid: 69bb63ee6a4252a4abcfdaad51a6ae17,
    type: 2}
  m_PrefabInternal: {fileID: 1702587238}
--- !u!1 &1744660915
GameObject:
  m_ObjectHideFlags: 0
  m_PrefabParentObject: {fileID: 0}
  m_PrefabInternal: {fileID: 0}
  serializedVersion: 5
  m_Component:
  - component: {fileID: 1744660916}
  m_Layer: 0
  m_Name: room_exit
  m_TagString: Untagged
  m_Icon: {fileID: 0}
  m_NavMeshLayer: 0
  m_StaticEditorFlags: 0
  m_IsActive: 1
--- !u!4 &1744660916
Transform:
  m_ObjectHideFlags: 0
  m_PrefabParentObject: {fileID: 0}
  m_PrefabInternal: {fileID: 0}
  m_GameObject: {fileID: 1744660915}
  m_LocalRotation: {x: 0, y: 0, z: 0, w: 1}
  m_LocalPosition: {x: -0.05, y: -1.06, z: 0}
  m_LocalScale: {x: 1, y: 1, z: 1}
  m_Children: []
  m_Father: {fileID: 1702587239}
  m_RootOrder: 0
  m_LocalEulerAnglesHint: {x: 0, y: 0, z: 0}
--- !u!1 &1759406650
GameObject:
  m_ObjectHideFlags: 0
  m_PrefabParentObject: {fileID: 1603396598268414, guid: 0923da3b95986434681cffb49707af08,
    type: 2}
  m_PrefabInternal: {fileID: 0}
  serializedVersion: 5
  m_Component:
  - component: {fileID: 1759406651}
  - component: {fileID: 1759406654}
  - component: {fileID: 1759406653}
  - component: {fileID: 1759406652}
  m_Layer: 0
  m_Name: Cube (7)
  m_TagString: Untagged
  m_Icon: {fileID: 0}
  m_NavMeshLayer: 0
  m_StaticEditorFlags: 0
  m_IsActive: 1
--- !u!4 &1759406651
Transform:
  m_ObjectHideFlags: 0
  m_PrefabParentObject: {fileID: 4731196822635346, guid: 0923da3b95986434681cffb49707af08,
    type: 2}
  m_PrefabInternal: {fileID: 0}
  m_GameObject: {fileID: 1759406650}
  m_LocalRotation: {x: -0, y: -0, z: 0.94582, w: 0.32469156}
  m_LocalPosition: {x: 0.172, y: -0.279, z: -0.48200035}
  m_LocalScale: {x: 0.02, y: 0.2, z: 0.099999994}
  m_Children: []
  m_Father: {fileID: 1232471960}
  m_RootOrder: 4
  m_LocalEulerAnglesHint: {x: 0, y: 0, z: 142.106}
--- !u!23 &1759406652
MeshRenderer:
  m_ObjectHideFlags: 0
  m_PrefabParentObject: {fileID: 23093920608048728, guid: 0923da3b95986434681cffb49707af08,
    type: 2}
  m_PrefabInternal: {fileID: 0}
  m_GameObject: {fileID: 1759406650}
  m_Enabled: 1
  m_CastShadows: 1
  m_ReceiveShadows: 1
  m_MotionVectors: 1
  m_LightProbeUsage: 1
  m_ReflectionProbeUsage: 1
  m_Materials:
  - {fileID: 2100000, guid: 27e0baad3888d7f42aa71755dce5f8a8, type: 2}
  m_StaticBatchInfo:
    firstSubMesh: 0
    subMeshCount: 0
  m_StaticBatchRoot: {fileID: 0}
  m_ProbeAnchor: {fileID: 0}
  m_LightProbeVolumeOverride: {fileID: 0}
  m_ScaleInLightmap: 1
  m_PreserveUVs: 1
  m_IgnoreNormalsForChartDetection: 0
  m_ImportantGI: 0
  m_SelectedEditorRenderState: 3
  m_MinimumChartSize: 4
  m_AutoUVMaxDistance: 0.5
  m_AutoUVMaxAngle: 89
  m_LightmapParameters: {fileID: 0}
  m_SortingLayerID: 0
  m_SortingOrder: 0
--- !u!65 &1759406653
BoxCollider:
  m_ObjectHideFlags: 0
  m_PrefabParentObject: {fileID: 65122167353586874, guid: 0923da3b95986434681cffb49707af08,
    type: 2}
  m_PrefabInternal: {fileID: 0}
  m_GameObject: {fileID: 1759406650}
  m_Material: {fileID: 0}
  m_IsTrigger: 0
  m_Enabled: 1
  serializedVersion: 2
  m_Size: {x: 1, y: 1, z: 1}
  m_Center: {x: 0, y: 0, z: 0}
--- !u!33 &1759406654
MeshFilter:
  m_ObjectHideFlags: 0
  m_PrefabParentObject: {fileID: 33659117371039744, guid: 0923da3b95986434681cffb49707af08,
    type: 2}
  m_PrefabInternal: {fileID: 0}
  m_GameObject: {fileID: 1759406650}
  m_Mesh: {fileID: 10202, guid: 0000000000000000e000000000000000, type: 0}
--- !u!1 &1796900733
GameObject:
  m_ObjectHideFlags: 0
  m_PrefabParentObject: {fileID: 0}
  m_PrefabInternal: {fileID: 0}
  serializedVersion: 5
  m_Component:
  - component: {fileID: 1796900734}
  - component: {fileID: 1796900735}
  m_Layer: 0
  m_Name: Character
  m_TagString: Untagged
  m_Icon: {fileID: 0}
  m_NavMeshLayer: 0
  m_StaticEditorFlags: 0
  m_IsActive: 1
--- !u!4 &1796900734
Transform:
  m_ObjectHideFlags: 0
  m_PrefabParentObject: {fileID: 0}
  m_PrefabInternal: {fileID: 0}
  m_GameObject: {fileID: 1796900733}
  m_LocalRotation: {x: 0, y: 0, z: 0, w: 1}
  m_LocalPosition: {x: 7.63, y: 1.41, z: 0}
  m_LocalScale: {x: 1, y: 1, z: 1}
  m_Children:
  - {fileID: 279476243}
  m_Father: {fileID: 0}
  m_RootOrder: 2
  m_LocalEulerAnglesHint: {x: 0, y: 0, z: 0}
--- !u!114 &1796900735
MonoBehaviour:
  m_ObjectHideFlags: 0
  m_PrefabParentObject: {fileID: 0}
  m_PrefabInternal: {fileID: 0}
  m_GameObject: {fileID: 1796900733}
  m_Enabled: 1
  m_EditorHideFlags: 0
  m_Script: {fileID: 11500000, guid: 4a1610e98c1024e99944480f3067ba38, type: 3}
  m_Name: 
  m_EditorClassIdentifier: 
  animator: {fileID: 279476245}
  moveSpeed: 2
  path: []
  AllowedToMove: 1
--- !u!1 &1982662391
GameObject:
  m_ObjectHideFlags: 0
  m_PrefabParentObject: {fileID: 0}
  m_PrefabInternal: {fileID: 0}
  serializedVersion: 5
  m_Component:
  - component: {fileID: 1982662392}
  m_Layer: 0
  m_Name: exit_Junkyard_to_Courtyard
  m_TagString: Untagged
  m_Icon: {fileID: 0}
  m_NavMeshLayer: 0
  m_StaticEditorFlags: 0
  m_IsActive: 1
--- !u!4 &1982662392
Transform:
  m_ObjectHideFlags: 0
  m_PrefabParentObject: {fileID: 0}
  m_PrefabInternal: {fileID: 0}
  m_GameObject: {fileID: 1982662391}
  m_LocalRotation: {x: -0, y: -0, z: -0, w: 1}
  m_LocalPosition: {x: -0.85, y: -0.79, z: 0}
  m_LocalScale: {x: 1, y: 1, z: 1}
  m_Children: []
  m_Father: {fileID: 343975970}
  m_RootOrder: 0
  m_LocalEulerAnglesHint: {x: 0, y: 0, z: 0}
--- !u!4 &1983820226 stripped
Transform:
  m_PrefabParentObject: {fileID: 4813101207717968, guid: a0882b071c4438647b607f38d45cc694,
    type: 2}
  m_PrefabInternal: {fileID: 245547627}
--- !u!1 &2069421512
GameObject:
  m_ObjectHideFlags: 0
  m_PrefabParentObject: {fileID: 0}
  m_PrefabInternal: {fileID: 0}
  serializedVersion: 5
  m_Component:
  - component: {fileID: 2069421513}
  m_Layer: 0
  m_Name: NPCs
  m_TagString: Untagged
  m_Icon: {fileID: 0}
  m_NavMeshLayer: 0
  m_StaticEditorFlags: 0
  m_IsActive: 1
--- !u!4 &2069421513
Transform:
  m_ObjectHideFlags: 0
  m_PrefabParentObject: {fileID: 0}
  m_PrefabInternal: {fileID: 0}
  m_GameObject: {fileID: 2069421512}
  m_LocalRotation: {x: 0, y: 0, z: 0, w: 1}
  m_LocalPosition: {x: 0, y: 0, z: 0}
  m_LocalScale: {x: 1, y: 1, z: 1}
  m_Children:
  - {fileID: 1983820226}
  - {fileID: 1421584799}
  - {fileID: 103998966}
  - {fileID: 1653019935}
  - {fileID: 1232471960}
  - {fileID: 1535237365}
  m_Father: {fileID: 0}
  m_RootOrder: 4
  m_LocalEulerAnglesHint: {x: 0, y: 0, z: 0}
--- !u!1 &2140524822
GameObject:
  m_ObjectHideFlags: 0
  m_PrefabParentObject: {fileID: 1677245711508738, guid: 0923da3b95986434681cffb49707af08,
    type: 2}
  m_PrefabInternal: {fileID: 0}
  serializedVersion: 5
  m_Component:
  - component: {fileID: 2140524823}
  - component: {fileID: 2140524826}
  - component: {fileID: 2140524825}
  - component: {fileID: 2140524824}
  m_Layer: 0
  m_Name: Cube (1)
  m_TagString: Untagged
  m_Icon: {fileID: 0}
  m_NavMeshLayer: 0
  m_StaticEditorFlags: 0
  m_IsActive: 1
--- !u!4 &2140524823
Transform:
  m_ObjectHideFlags: 0
  m_PrefabParentObject: {fileID: 4713959058744012, guid: 0923da3b95986434681cffb49707af08,
    type: 2}
  m_PrefabInternal: {fileID: 0}
  m_GameObject: {fileID: 2140524822}
  m_LocalRotation: {x: -0, y: -0, z: 0.40036076, w: 0.91635764}
  m_LocalPosition: {x: 0.258, y: 0.079, z: -0.48200035}
  m_LocalScale: {x: 0.049999997, y: 0.35000002, z: 0.099999994}
  m_Children: []
  m_Father: {fileID: 1232471960}
  m_RootOrder: 1
  m_LocalEulerAnglesHint: {x: 0, y: 0, z: 47.201004}
--- !u!23 &2140524824
MeshRenderer:
  m_ObjectHideFlags: 0
  m_PrefabParentObject: {fileID: 23836987615494526, guid: 0923da3b95986434681cffb49707af08,
    type: 2}
  m_PrefabInternal: {fileID: 0}
  m_GameObject: {fileID: 2140524822}
  m_Enabled: 1
  m_CastShadows: 1
  m_ReceiveShadows: 1
  m_MotionVectors: 1
  m_LightProbeUsage: 1
  m_ReflectionProbeUsage: 1
  m_Materials:
  - {fileID: 2100000, guid: 27e0baad3888d7f42aa71755dce5f8a8, type: 2}
  m_StaticBatchInfo:
    firstSubMesh: 0
    subMeshCount: 0
  m_StaticBatchRoot: {fileID: 0}
  m_ProbeAnchor: {fileID: 0}
  m_LightProbeVolumeOverride: {fileID: 0}
  m_ScaleInLightmap: 1
  m_PreserveUVs: 1
  m_IgnoreNormalsForChartDetection: 0
  m_ImportantGI: 0
  m_SelectedEditorRenderState: 3
  m_MinimumChartSize: 4
  m_AutoUVMaxDistance: 0.5
  m_AutoUVMaxAngle: 89
  m_LightmapParameters: {fileID: 0}
  m_SortingLayerID: 0
  m_SortingOrder: 0
--- !u!65 &2140524825
BoxCollider:
  m_ObjectHideFlags: 0
  m_PrefabParentObject: {fileID: 65080668234310390, guid: 0923da3b95986434681cffb49707af08,
    type: 2}
  m_PrefabInternal: {fileID: 0}
  m_GameObject: {fileID: 2140524822}
  m_Material: {fileID: 0}
  m_IsTrigger: 0
  m_Enabled: 1
  serializedVersion: 2
  m_Size: {x: 1, y: 1, z: 1}
  m_Center: {x: 0, y: 0, z: 0}
--- !u!33 &2140524826
MeshFilter:
  m_ObjectHideFlags: 0
  m_PrefabParentObject: {fileID: 33663074969285916, guid: 0923da3b95986434681cffb49707af08,
    type: 2}
  m_PrefabInternal: {fileID: 0}
  m_GameObject: {fileID: 2140524822}
  m_Mesh: {fileID: 10202, guid: 0000000000000000e000000000000000, type: 0}
