%YAML 1.1
%TAG !u! tag:unity3d.com,2011:
--- !u!29 &1
OcclusionCullingSettings:
  m_ObjectHideFlags: 0
  serializedVersion: 2
  m_OcclusionBakeSettings:
    smallestOccluder: 5
    smallestHole: 0.25
    backfaceThreshold: 100
  m_SceneGUID: 00000000000000000000000000000000
  m_OcclusionCullingData: {fileID: 0}
--- !u!104 &2
RenderSettings:
  m_ObjectHideFlags: 0
  serializedVersion: 7
  m_Fog: 0
  m_FogColor: {r: 0.5, g: 0.5, b: 0.5, a: 1}
  m_FogMode: 3
  m_FogDensity: 0.01
  m_LinearFogStart: 0
  m_LinearFogEnd: 300
  m_AmbientSkyColor: {r: 0.212, g: 0.227, b: 0.259, a: 1}
  m_AmbientEquatorColor: {r: 0.114, g: 0.125, b: 0.133, a: 1}
  m_AmbientGroundColor: {r: 0.047, g: 0.043, b: 0.035, a: 1}
  m_AmbientIntensity: 1
  m_AmbientMode: 0
  m_SkyboxMaterial: {fileID: 10304, guid: 0000000000000000f000000000000000, type: 0}
  m_HaloStrength: 0.5
  m_FlareStrength: 1
  m_FlareFadeSpeed: 3
  m_HaloTexture: {fileID: 0}
  m_SpotCookie: {fileID: 10001, guid: 0000000000000000e000000000000000, type: 0}
  m_DefaultReflectionMode: 0
  m_DefaultReflectionResolution: 128
  m_ReflectionBounces: 1
  m_ReflectionIntensity: 1
  m_CustomReflection: {fileID: 0}
  m_Sun: {fileID: 0}
  m_IndirectSpecularColor: {r: 0.37311953, g: 0.38074014, b: 0.3587274, a: 1}
--- !u!157 &3
LightmapSettings:
  m_ObjectHideFlags: 0
  serializedVersion: 7
  m_GIWorkflowMode: 0
  m_GISettings:
    serializedVersion: 2
    m_BounceScale: 1
    m_IndirectOutputScale: 1
    m_AlbedoBoost: 1
    m_TemporalCoherenceThreshold: 1
    m_EnvironmentLightingMode: 0
    m_EnableBakedLightmaps: 1
    m_EnableRealtimeLightmaps: 1
  m_LightmapEditorSettings:
    serializedVersion: 4
    m_Resolution: 2
    m_BakeResolution: 40
    m_TextureWidth: 1024
    m_TextureHeight: 1024
    m_AO: 0
    m_AOMaxDistance: 1
    m_CompAOExponent: 1
    m_CompAOExponentDirect: 0
    m_Padding: 2
    m_LightmapParameters: {fileID: 0}
    m_LightmapsBakeMode: 1
    m_TextureCompression: 1
    m_DirectLightInLightProbes: 1
    m_FinalGather: 0
    m_FinalGatherFiltering: 1
    m_FinalGatherRayCount: 256
    m_ReflectionCompression: 2
  m_LightingDataAsset: {fileID: 0}
  m_RuntimeCPUUsage: 25
--- !u!196 &4
NavMeshSettings:
  serializedVersion: 2
  m_ObjectHideFlags: 0
  m_BuildSettings:
    serializedVersion: 2
    agentTypeID: 0
    agentRadius: 0.5
    agentHeight: 2
    agentSlope: 45
    agentClimb: 0.4
    ledgeDropHeight: 0
    maxJumpAcrossDistance: 0
    minRegionArea: 2
    manualCellSize: 0
    cellSize: 0.16666667
    accuratePlacement: 0
  m_NavMeshData: {fileID: 0}
--- !u!1001 &91461582
Prefab:
  m_ObjectHideFlags: 0
  serializedVersion: 2
  m_Modification:
    m_TransformParent: {fileID: 1626522995}
    m_Modifications:
    - target: {fileID: 4139941549856222, guid: 568fcbc902125c745b13f41e765650ec, type: 2}
      propertyPath: m_LocalPosition.x
      value: 13.45
      objectReference: {fileID: 0}
    - target: {fileID: 4139941549856222, guid: 568fcbc902125c745b13f41e765650ec, type: 2}
      propertyPath: m_LocalPosition.y
      value: 4.82
      objectReference: {fileID: 0}
    - target: {fileID: 4139941549856222, guid: 568fcbc902125c745b13f41e765650ec, type: 2}
      propertyPath: m_LocalPosition.z
      value: 0
      objectReference: {fileID: 0}
    - target: {fileID: 4139941549856222, guid: 568fcbc902125c745b13f41e765650ec, type: 2}
      propertyPath: m_LocalRotation.x
      value: -0
      objectReference: {fileID: 0}
    - target: {fileID: 4139941549856222, guid: 568fcbc902125c745b13f41e765650ec, type: 2}
      propertyPath: m_LocalRotation.y
      value: -0
      objectReference: {fileID: 0}
    - target: {fileID: 4139941549856222, guid: 568fcbc902125c745b13f41e765650ec, type: 2}
      propertyPath: m_LocalRotation.z
      value: -0
      objectReference: {fileID: 0}
    - target: {fileID: 4139941549856222, guid: 568fcbc902125c745b13f41e765650ec, type: 2}
      propertyPath: m_LocalRotation.w
      value: 1
      objectReference: {fileID: 0}
    - target: {fileID: 4139941549856222, guid: 568fcbc902125c745b13f41e765650ec, type: 2}
      propertyPath: m_RootOrder
      value: 2
      objectReference: {fileID: 0}
    - target: {fileID: 1308620440701334, guid: 568fcbc902125c745b13f41e765650ec, type: 2}
      propertyPath: m_Name
      value: Pickupable_Windchime
      objectReference: {fileID: 0}
    - target: {fileID: 212812575055573780, guid: 568fcbc902125c745b13f41e765650ec,
        type: 2}
      propertyPath: m_Sprite
      value: 
      objectReference: {fileID: 21300008, guid: f45f35c5cf8b95d499e2b7ef860b5d05,
        type: 3}
    - target: {fileID: 61633692903548948, guid: 568fcbc902125c745b13f41e765650ec,
        type: 2}
      propertyPath: m_Offset.x
      value: 0
      objectReference: {fileID: 0}
    - target: {fileID: 61633692903548948, guid: 568fcbc902125c745b13f41e765650ec,
        type: 2}
      propertyPath: m_Offset.y
      value: -0.72
      objectReference: {fileID: 0}
    - target: {fileID: 82301319686370842, guid: 568fcbc902125c745b13f41e765650ec,
        type: 2}
      propertyPath: m_Enabled
      value: 1
      objectReference: {fileID: 0}
    - target: {fileID: 114886992756131228, guid: 568fcbc902125c745b13f41e765650ec,
        type: 2}
      propertyPath: item.sound
      value: 
      objectReference: {fileID: 8300000, guid: f42c576bd2f9ec04fb501358fb0747e4, type: 3}
    - target: {fileID: 114886992756131228, guid: 568fcbc902125c745b13f41e765650ec,
        type: 2}
      propertyPath: nextFail
      value: 
      objectReference: {fileID: 581624282}
    - target: {fileID: 114886992756131228, guid: 568fcbc902125c745b13f41e765650ec,
        type: 2}
      propertyPath: nextSuccess
      value: 
      objectReference: {fileID: 767458804}
    - target: {fileID: 114886992756131228, guid: 568fcbc902125c745b13f41e765650ec,
        type: 2}
      propertyPath: item.icon
      value: 
      objectReference: {fileID: 21300008, guid: f45f35c5cf8b95d499e2b7ef860b5d05,
        type: 3}
    - target: {fileID: 114886992756131228, guid: 568fcbc902125c745b13f41e765650ec,
        type: 2}
      propertyPath: item.displayName
      value: Windchimes
      objectReference: {fileID: 0}
    - target: {fileID: 114886992756131228, guid: 568fcbc902125c745b13f41e765650ec,
        type: 2}
      propertyPath: item.description
      value: Windchimes
      objectReference: {fileID: 0}
    - target: {fileID: 114886992756131228, guid: 568fcbc902125c745b13f41e765650ec,
        type: 2}
      propertyPath: Name
      value: Windchimes
      objectReference: {fileID: 0}
    - target: {fileID: 61633692903548948, guid: 568fcbc902125c745b13f41e765650ec,
        type: 2}
      propertyPath: m_Size.x
      value: 1.25
      objectReference: {fileID: 0}
    - target: {fileID: 61633692903548948, guid: 568fcbc902125c745b13f41e765650ec,
        type: 2}
      propertyPath: m_Size.y
      value: 4.11
      objectReference: {fileID: 0}
    - target: {fileID: 4139941549856222, guid: 568fcbc902125c745b13f41e765650ec, type: 2}
      propertyPath: m_LocalScale.x
      value: 0.4
      objectReference: {fileID: 0}
    - target: {fileID: 4139941549856222, guid: 568fcbc902125c745b13f41e765650ec, type: 2}
      propertyPath: m_LocalScale.y
      value: 0.4
      objectReference: {fileID: 0}
    - target: {fileID: 212812575055573780, guid: 568fcbc902125c745b13f41e765650ec,
        type: 2}
      propertyPath: m_SortingOrder
      value: 0
      objectReference: {fileID: 0}
    - target: {fileID: 114886992756131228, guid: 568fcbc902125c745b13f41e765650ec,
        type: 2}
      propertyPath: MaxInteractDistance
      value: 4.5
      objectReference: {fileID: 0}
    - target: {fileID: 114886992756131228, guid: 568fcbc902125c745b13f41e765650ec,
        type: 2}
      propertyPath: item.type
      value: 8
      objectReference: {fileID: 0}
    m_RemovedComponents: []
  m_ParentPrefab: {fileID: 100100000, guid: 568fcbc902125c745b13f41e765650ec, type: 2}
  m_IsPrefabParent: 0
--- !u!4 &91461583 stripped
Transform:
  m_PrefabParentObject: {fileID: 4139941549856222, guid: 568fcbc902125c745b13f41e765650ec,
    type: 2}
  m_PrefabInternal: {fileID: 91461582}
--- !u!114 &100530895 stripped
MonoBehaviour:
  m_PrefabParentObject: {fileID: 114728604652485222, guid: db48434825b1e5f4c9cef7cdea6b9fe6,
    type: 2}
  m_PrefabInternal: {fileID: 2064349069}
  m_Script: {fileID: 11500000, guid: f4bbcab8fd148b44dbdacdb55ea6df0a, type: 3}
--- !u!1001 &126302382
Prefab:
  m_ObjectHideFlags: 0
  serializedVersion: 2
  m_Modification:
    m_TransformParent: {fileID: 0}
    m_Modifications:
    - target: {fileID: 114790992519062064, guid: 9ac7ce3c807b044a289a2970a0c90e37,
        type: 2}
      propertyPath: unlockSequence.Array.size
      value: 1
      objectReference: {fileID: 0}
    - target: {fileID: 4551866137465880, guid: 9ac7ce3c807b044a289a2970a0c90e37, type: 2}
      propertyPath: m_LocalPosition.x
      value: 0
      objectReference: {fileID: 0}
    - target: {fileID: 4551866137465880, guid: 9ac7ce3c807b044a289a2970a0c90e37, type: 2}
      propertyPath: m_LocalPosition.y
      value: 0
      objectReference: {fileID: 0}
    - target: {fileID: 4551866137465880, guid: 9ac7ce3c807b044a289a2970a0c90e37, type: 2}
      propertyPath: m_LocalPosition.z
      value: 0
      objectReference: {fileID: 0}
    - target: {fileID: 4551866137465880, guid: 9ac7ce3c807b044a289a2970a0c90e37, type: 2}
      propertyPath: m_LocalRotation.x
      value: 0
      objectReference: {fileID: 0}
    - target: {fileID: 4551866137465880, guid: 9ac7ce3c807b044a289a2970a0c90e37, type: 2}
      propertyPath: m_LocalRotation.y
      value: 0
      objectReference: {fileID: 0}
    - target: {fileID: 4551866137465880, guid: 9ac7ce3c807b044a289a2970a0c90e37, type: 2}
      propertyPath: m_LocalRotation.z
      value: 0
      objectReference: {fileID: 0}
    - target: {fileID: 4551866137465880, guid: 9ac7ce3c807b044a289a2970a0c90e37, type: 2}
      propertyPath: m_LocalRotation.w
      value: 1
      objectReference: {fileID: 0}
    - target: {fileID: 4551866137465880, guid: 9ac7ce3c807b044a289a2970a0c90e37, type: 2}
      propertyPath: m_RootOrder
      value: 0
      objectReference: {fileID: 0}
    - target: {fileID: 114790992519062064, guid: 9ac7ce3c807b044a289a2970a0c90e37,
        type: 2}
      propertyPath: navigationMesh
      value: 
      objectReference: {fileID: 1568305665}
    - target: {fileID: 4000751049261608, guid: 9ac7ce3c807b044a289a2970a0c90e37, type: 2}
      propertyPath: m_LocalPosition.x
      value: 7.25
      objectReference: {fileID: 0}
    - target: {fileID: 114790992519062064, guid: 9ac7ce3c807b044a289a2970a0c90e37,
        type: 2}
      propertyPath: interactOnSuccess
      value: 
      objectReference: {fileID: 1838947291}
    - target: {fileID: 114790992519062064, guid: 9ac7ce3c807b044a289a2970a0c90e37,
        type: 2}
      propertyPath: interactOnFail
      value: 
      objectReference: {fileID: 163418516}
    - target: {fileID: 224824104602818454, guid: 9ac7ce3c807b044a289a2970a0c90e37,
        type: 2}
      propertyPath: m_AnchoredPosition.y
      value: 250
      objectReference: {fileID: 0}
    - target: {fileID: 224824104602818454, guid: 9ac7ce3c807b044a289a2970a0c90e37,
        type: 2}
      propertyPath: m_LocalScale.x
      value: 1.5
      objectReference: {fileID: 0}
    - target: {fileID: 224824104602818454, guid: 9ac7ce3c807b044a289a2970a0c90e37,
        type: 2}
      propertyPath: m_LocalScale.y
      value: 1.5
      objectReference: {fileID: 0}
    - target: {fileID: 114899867880775318, guid: 9ac7ce3c807b044a289a2970a0c90e37,
        type: 2}
      propertyPath: m_CellSize.x
      value: 35
      objectReference: {fileID: 0}
    - target: {fileID: 114899867880775318, guid: 9ac7ce3c807b044a289a2970a0c90e37,
        type: 2}
      propertyPath: m_CellSize.y
      value: 35
      objectReference: {fileID: 0}
    - target: {fileID: 114899867880775318, guid: 9ac7ce3c807b044a289a2970a0c90e37,
        type: 2}
      propertyPath: m_Spacing.x
      value: 3
      objectReference: {fileID: 0}
    - target: {fileID: 114899867880775318, guid: 9ac7ce3c807b044a289a2970a0c90e37,
        type: 2}
      propertyPath: m_Spacing.y
      value: 3
      objectReference: {fileID: 0}
    - target: {fileID: 224824104602818454, guid: 9ac7ce3c807b044a289a2970a0c90e37,
        type: 2}
      propertyPath: m_SizeDelta.y
      value: 155
      objectReference: {fileID: 0}
    m_RemovedComponents: []
  m_ParentPrefab: {fileID: 100100000, guid: 9ac7ce3c807b044a289a2970a0c90e37, type: 2}
  m_IsPrefabParent: 0
--- !u!114 &163418516 stripped
MonoBehaviour:
  m_PrefabParentObject: {fileID: 114768509763775302, guid: 7c5ddd695995823419edc25994434412,
    type: 2}
  m_PrefabInternal: {fileID: 1699457939}
  m_Script: {fileID: 11500000, guid: 31aaa318fd9af90428714cd0ebc95d99, type: 3}
--- !u!1001 &195288318
Prefab:
  m_ObjectHideFlags: 0
  serializedVersion: 2
  m_Modification:
    m_TransformParent: {fileID: 1489300283}
    m_Modifications:
    - target: {fileID: 4180815409092738, guid: aa1f2e223275442478e51d5349e15408, type: 2}
      propertyPath: m_LocalPosition.x
      value: 6.77
      objectReference: {fileID: 0}
    - target: {fileID: 4180815409092738, guid: aa1f2e223275442478e51d5349e15408, type: 2}
      propertyPath: m_LocalPosition.y
      value: 4.54
      objectReference: {fileID: 0}
    - target: {fileID: 4180815409092738, guid: aa1f2e223275442478e51d5349e15408, type: 2}
      propertyPath: m_LocalPosition.z
      value: 0
      objectReference: {fileID: 0}
    - target: {fileID: 4180815409092738, guid: aa1f2e223275442478e51d5349e15408, type: 2}
      propertyPath: m_LocalRotation.x
      value: -0
      objectReference: {fileID: 0}
    - target: {fileID: 4180815409092738, guid: aa1f2e223275442478e51d5349e15408, type: 2}
      propertyPath: m_LocalRotation.y
      value: -0
      objectReference: {fileID: 0}
    - target: {fileID: 4180815409092738, guid: aa1f2e223275442478e51d5349e15408, type: 2}
      propertyPath: m_LocalRotation.z
      value: -0
      objectReference: {fileID: 0}
    - target: {fileID: 4180815409092738, guid: aa1f2e223275442478e51d5349e15408, type: 2}
      propertyPath: m_LocalRotation.w
      value: 1
      objectReference: {fileID: 0}
    - target: {fileID: 4180815409092738, guid: aa1f2e223275442478e51d5349e15408, type: 2}
      propertyPath: m_RootOrder
      value: 1
      objectReference: {fileID: 0}
    m_RemovedComponents: []
  m_ParentPrefab: {fileID: 100100000, guid: aa1f2e223275442478e51d5349e15408, type: 2}
  m_IsPrefabParent: 0
--- !u!1 &323366224
GameObject:
  m_ObjectHideFlags: 0
  m_PrefabParentObject: {fileID: 0}
  m_PrefabInternal: {fileID: 0}
  serializedVersion: 5
  m_Component:
  - component: {fileID: 323366227}
  - component: {fileID: 323366226}
  - component: {fileID: 323366225}
  m_Layer: 0
  m_Name: Interactable_ClothesDryer
  m_TagString: Untagged
  m_Icon: {fileID: 0}
  m_NavMeshLayer: 0
  m_StaticEditorFlags: 0
  m_IsActive: 1
--- !u!114 &323366225
MonoBehaviour:
  m_ObjectHideFlags: 0
  m_PrefabParentObject: {fileID: 0}
  m_PrefabInternal: {fileID: 0}
  m_GameObject: {fileID: 323366224}
  m_Enabled: 1
  m_EditorHideFlags: 0
  m_Script: {fileID: 11500000, guid: 145dc749e209caa4dae684bfe5a7393c, type: 3}
  m_Name: 
  m_EditorClassIdentifier: 
  DialogId: 
  HeadSprite: {fileID: 21300000, guid: 572912f145bc77e4f8da5240a4245361, type: 3}
  dialogueFlow:
  - This clothes dryer is huge!
  - I should get a bigger washing machine...
  Name: Zache
  FollowUp: {fileID: 0}
  IsStart: 1
  DisplayName: Clothes Dryer
  Voice: {fileID: 0}
  textColor: {r: 0, g: 0, b: 0, a: 255}
  tonePitch: 1.2
  MaxInteractDistance: 2.5
--- !u!61 &323366226
BoxCollider2D:
  m_ObjectHideFlags: 0
  m_PrefabParentObject: {fileID: 0}
  m_PrefabInternal: {fileID: 0}
  m_GameObject: {fileID: 323366224}
  m_Enabled: 1
  m_Density: 1
  m_Material: {fileID: 0}
  m_IsTrigger: 0
  m_UsedByEffector: 0
  m_Offset: {x: 0, y: 0}
  serializedVersion: 2
  m_Size: {x: 1, y: 1}
--- !u!4 &323366227
Transform:
  m_ObjectHideFlags: 0
  m_PrefabParentObject: {fileID: 0}
  m_PrefabInternal: {fileID: 0}
  m_GameObject: {fileID: 323366224}
  m_LocalRotation: {x: -0, y: -0, z: -0, w: 1}
  m_LocalPosition: {x: 10.74, y: 2.7, z: 0}
  m_LocalScale: {x: 1.16, y: 1.59, z: 0.81}
  m_Children: []
  m_Father: {fileID: 1489300283}
  m_RootOrder: 5
  m_LocalEulerAnglesHint: {x: 0, y: 0, z: 0}
--- !u!4 &352952462 stripped
Transform:
  m_PrefabParentObject: {fileID: 4904380983488036, guid: 7c5ddd695995823419edc25994434412,
    type: 2}
  m_PrefabInternal: {fileID: 1699457939}
--- !u!1 &362854574
GameObject:
  m_ObjectHideFlags: 0
  m_PrefabParentObject: {fileID: 0}
  m_PrefabInternal: {fileID: 0}
  serializedVersion: 5
  m_Component:
  - component: {fileID: 362854577}
  - component: {fileID: 362854576}
  - component: {fileID: 362854575}
  m_Layer: 0
  m_Name: Interactable_Chest
  m_TagString: Untagged
  m_Icon: {fileID: 0}
  m_NavMeshLayer: 0
  m_StaticEditorFlags: 0
  m_IsActive: 1
--- !u!114 &362854575
MonoBehaviour:
  m_ObjectHideFlags: 0
  m_PrefabParentObject: {fileID: 0}
  m_PrefabInternal: {fileID: 0}
  m_GameObject: {fileID: 362854574}
  m_Enabled: 1
  m_EditorHideFlags: 0
  m_Script: {fileID: 11500000, guid: 145dc749e209caa4dae684bfe5a7393c, type: 3}
  m_Name: 
  m_EditorClassIdentifier: 
  DialogId: 
  HeadSprite: {fileID: 21300000, guid: 572912f145bc77e4f8da5240a4245361, type: 3}
  dialogueFlow:
  - The chest is mostly empty.
  - '...just trinkets I''ve found around town and some clothing.'
  Name: Zache
  FollowUp: {fileID: 0}
  IsStart: 1
  DisplayName: Chest
  Voice: {fileID: 0}
  textColor: {r: 0, g: 0, b: 0, a: 255}
  tonePitch: 1.2
  MaxInteractDistance: 2.5
--- !u!61 &362854576
BoxCollider2D:
  m_ObjectHideFlags: 0
  m_PrefabParentObject: {fileID: 0}
  m_PrefabInternal: {fileID: 0}
  m_GameObject: {fileID: 362854574}
  m_Enabled: 1
  m_Density: 1
  m_Material: {fileID: 0}
  m_IsTrigger: 0
  m_UsedByEffector: 0
  m_Offset: {x: 0, y: 0}
  serializedVersion: 2
  m_Size: {x: 1, y: 1}
--- !u!4 &362854577
Transform:
  m_ObjectHideFlags: 0
  m_PrefabParentObject: {fileID: 0}
  m_PrefabInternal: {fileID: 0}
  m_GameObject: {fileID: 362854574}
  m_LocalRotation: {x: -0, y: -0, z: -0, w: 1}
  m_LocalPosition: {x: 6.91, y: 2.55, z: 0}
  m_LocalScale: {x: 1.677676, y: 0.81, z: 0.7170225}
  m_Children: []
  m_Father: {fileID: 1489300283}
  m_RootOrder: 4
  m_LocalEulerAnglesHint: {x: 0, y: 0, z: 0}
--- !u!1 &502815455
GameObject:
  m_ObjectHideFlags: 0
  m_PrefabParentObject: {fileID: 0}
  m_PrefabInternal: {fileID: 0}
  serializedVersion: 5
  m_Component:
  - component: {fileID: 502815458}
  - component: {fileID: 502815457}
  - component: {fileID: 502815456}
  m_Layer: 0
  m_Name: Interactable_Bed
  m_TagString: Untagged
  m_Icon: {fileID: 0}
  m_NavMeshLayer: 0
  m_StaticEditorFlags: 0
  m_IsActive: 1
--- !u!114 &502815456
MonoBehaviour:
  m_ObjectHideFlags: 0
  m_PrefabParentObject: {fileID: 0}
  m_PrefabInternal: {fileID: 0}
  m_GameObject: {fileID: 502815455}
  m_Enabled: 1
  m_EditorHideFlags: 0
  m_Script: {fileID: 11500000, guid: 145dc749e209caa4dae684bfe5a7393c, type: 3}
  m_Name: 
  m_EditorClassIdentifier: 
  DialogId: 
  HeadSprite: {fileID: 21300000, guid: 572912f145bc77e4f8da5240a4245361, type: 3}
  dialogueFlow:
  - My trusty bed.
  - It would be nice if it wasn't on the ground. The cockroaches occasionally wake
    me up at night.
  Name: Zache
  FollowUp: {fileID: 0}
  IsStart: 1
  DisplayName: Bed
  Voice: {fileID: 0}
  textColor: {r: 0, g: 0, b: 0, a: 255}
  tonePitch: 1.2
  MaxInteractDistance: 2.5
--- !u!61 &502815457
BoxCollider2D:
  m_ObjectHideFlags: 0
  m_PrefabParentObject: {fileID: 0}
  m_PrefabInternal: {fileID: 0}
  m_GameObject: {fileID: 502815455}
  m_Enabled: 1
  m_Density: 1
  m_Material: {fileID: 0}
  m_IsTrigger: 0
  m_UsedByEffector: 0
  m_Offset: {x: 0, y: 0}
  serializedVersion: 2
  m_Size: {x: 1, y: 1}
--- !u!4 &502815458
Transform:
  m_ObjectHideFlags: 0
  m_PrefabParentObject: {fileID: 0}
  m_PrefabInternal: {fileID: 0}
  m_GameObject: {fileID: 502815455}
  m_LocalRotation: {x: -0, y: -0, z: -0, w: 1}
  m_LocalPosition: {x: 3.24, y: 1.5, z: 0}
  m_LocalScale: {x: 2.9, y: 1.294613, z: 0.81}
  m_Children: []
  m_Father: {fileID: 1489300283}
  m_RootOrder: 3
  m_LocalEulerAnglesHint: {x: 0, y: 0, z: 0}
--- !u!114 &581624282 stripped
MonoBehaviour:
  m_PrefabParentObject: {fileID: 114430232850071150, guid: 7c5ddd695995823419edc25994434412,
    type: 2}
  m_PrefabInternal: {fileID: 1699457939}
  m_Script: {fileID: 11500000, guid: 31aaa318fd9af90428714cd0ebc95d99, type: 3}
--- !u!1 &639764237
GameObject:
  m_ObjectHideFlags: 0
  m_PrefabParentObject: {fileID: 0}
  m_PrefabInternal: {fileID: 0}
  serializedVersion: 5
  m_Component:
  - component: {fileID: 639764240}
  - component: {fileID: 639764239}
  - component: {fileID: 639764242}
  - component: {fileID: 639764241}
  m_Layer: 0
  m_Name: Pickupable_WashingMachine
  m_TagString: Untagged
  m_Icon: {fileID: 0}
  m_NavMeshLayer: 0
  m_StaticEditorFlags: 0
  m_IsActive: 1
--- !u!61 &639764239
BoxCollider2D:
  m_ObjectHideFlags: 0
  m_PrefabParentObject: {fileID: 0}
  m_PrefabInternal: {fileID: 0}
  m_GameObject: {fileID: 639764237}
  m_Enabled: 1
  m_Density: 1
  m_Material: {fileID: 0}
  m_IsTrigger: 0
  m_UsedByEffector: 0
  m_Offset: {x: 0, y: 0}
  serializedVersion: 2
  m_Size: {x: 1, y: 1}
--- !u!4 &639764240
Transform:
  m_ObjectHideFlags: 0
  m_PrefabParentObject: {fileID: 0}
  m_PrefabInternal: {fileID: 0}
  m_GameObject: {fileID: 639764237}
  m_LocalRotation: {x: -0, y: -0, z: -0, w: 1}
  m_LocalPosition: {x: 9.62, y: 2.67, z: 0}
  m_LocalScale: {x: 0.81, y: 1.5698589, z: 0.81}
  m_Children:
  - {fileID: 952408593}
  m_Father: {fileID: 1626522995}
  m_RootOrder: 1
  m_LocalEulerAnglesHint: {x: 0, y: 0, z: 0}
--- !u!114 &639764241
MonoBehaviour:
  m_ObjectHideFlags: 0
  m_PrefabParentObject: {fileID: 0}
  m_PrefabInternal: {fileID: 0}
  m_GameObject: {fileID: 639764237}
  m_Enabled: 1
  m_EditorHideFlags: 0
  m_Script: {fileID: 11500000, guid: c7bea740285cf49b3ae020f982d3635a, type: 3}
  m_Name: 
  m_EditorClassIdentifier: 
  LeftAction: 0
  RightAction: 1
  Name: Washing Machine
  InteractText: Unknown Interacttext
  ListenText: Unknown Listentext
  UnlockKey: 
  IsInteractable: 1
  MaxInteractDistance: 2.5
  FailMessage: []
  item:
    type: 2
    icon: {fileID: 21300000, guid: 303fa873c4b61d540852c716c4d46f7e, type: 3}
    displayName: Wet Clothes
    description: Wet Clothes
    sound: {fileID: 0}
  nextSuccess: {fileID: 952408596}
  nextFail: {fileID: 581624282}
--- !u!82 &639764242
AudioSource:
  m_ObjectHideFlags: 0
  m_PrefabParentObject: {fileID: 0}
  m_PrefabInternal: {fileID: 0}
  m_GameObject: {fileID: 639764237}
  m_Enabled: 1
  serializedVersion: 4
  OutputAudioMixerGroup: {fileID: 0}
  m_audioClip: {fileID: 0}
  m_PlayOnAwake: 1
  m_Volume: 1
  m_Pitch: 1
  Loop: 0
  Mute: 0
  Spatialize: 0
  SpatializePostEffects: 0
  Priority: 128
  DopplerLevel: 1
  MinDistance: 1
  MaxDistance: 500
  Pan2D: 0
  rolloffMode: 0
  BypassEffects: 0
  BypassListenerEffects: 0
  BypassReverbZones: 0
  rolloffCustomCurve:
    serializedVersion: 2
    m_Curve:
    - serializedVersion: 2
      time: 0
      value: 1
      inSlope: 0
      outSlope: 0
      tangentMode: 0
    - serializedVersion: 2
      time: 1
      value: 0
      inSlope: 0
      outSlope: 0
      tangentMode: 0
    m_PreInfinity: 2
    m_PostInfinity: 2
    m_RotationOrder: 4
  panLevelCustomCurve:
    serializedVersion: 2
    m_Curve:
    - serializedVersion: 2
      time: 0
      value: 0
      inSlope: 0
      outSlope: 0
      tangentMode: 0
    m_PreInfinity: 2
    m_PostInfinity: 2
    m_RotationOrder: 4
  spreadCustomCurve:
    serializedVersion: 2
    m_Curve:
    - serializedVersion: 2
      time: 0
      value: 0
      inSlope: 0
      outSlope: 0
      tangentMode: 0
    m_PreInfinity: 2
    m_PostInfinity: 2
    m_RotationOrder: 4
  reverbZoneMixCustomCurve:
    serializedVersion: 2
    m_Curve:
    - serializedVersion: 2
      time: 0
      value: 1
      inSlope: 0
      outSlope: 0
      tangentMode: 0
    m_PreInfinity: 2
    m_PostInfinity: 2
    m_RotationOrder: 4
--- !u!1 &767458802
GameObject:
  m_ObjectHideFlags: 0
  m_PrefabParentObject: {fileID: 1724027891529252, guid: 7c5ddd695995823419edc25994434412,
    type: 2}
  m_PrefabInternal: {fileID: 0}
  serializedVersion: 5
  m_Component:
  - component: {fileID: 767458803}
  - component: {fileID: 767458806}
  - component: {fileID: 767458805}
  - component: {fileID: 767458804}
  m_Layer: 0
  m_Name: Inventory_Success_Windchime
  m_TagString: Untagged
  m_Icon: {fileID: 0}
  m_NavMeshLayer: 0
  m_StaticEditorFlags: 0
  m_IsActive: 1
--- !u!4 &767458803
Transform:
  m_ObjectHideFlags: 0
  m_PrefabParentObject: {fileID: 4187589775342540, guid: 7c5ddd695995823419edc25994434412,
    type: 2}
  m_PrefabInternal: {fileID: 0}
  m_GameObject: {fileID: 767458802}
  m_LocalRotation: {x: -0, y: -0, z: -0, w: 1}
  m_LocalPosition: {x: 0, y: 0, z: 0}
  m_LocalScale: {x: 1, y: 1, z: 1}
  m_Children: []
  m_Father: {fileID: 1699457940}
  m_RootOrder: 2
  m_LocalEulerAnglesHint: {x: 0, y: 0, z: 0}
--- !u!114 &767458804
MonoBehaviour:
  m_ObjectHideFlags: 0
  m_PrefabParentObject: {fileID: 114601583695339658, guid: 7c5ddd695995823419edc25994434412,
    type: 2}
  m_PrefabInternal: {fileID: 0}
  m_GameObject: {fileID: 767458802}
  m_Enabled: 1
  m_EditorHideFlags: 0
  m_Script: {fileID: 11500000, guid: 31aaa318fd9af90428714cd0ebc95d99, type: 3}
  m_Name: 
  m_EditorClassIdentifier: 
  LeftAction: 0
  RightAction: 1
  Name: Unknown
  InteractText: Unknown Interacttext
  ListenText: Unknown Listentext
  UnlockKey: 
  IsInteractable: 0
  MaxInteractDistance: 2.5
  FailMessage: []
  headSprite: {fileID: 0}
  textSpeed: 0.04
  cancelDistance: 20
  dialogueFlow: []
  playerLeaveLines: []
  playerReturnLines: []
  playerTooLongLines: []
  Followup: {fileID: 0}
  Voice: {fileID: 0}
  textColor: {r: 0, g: 0, b: 0, a: 255}
  tonePitch: 1
--- !u!114 &767458805
MonoBehaviour:
  m_ObjectHideFlags: 0
  m_PrefabParentObject: {fileID: 114633978600698192, guid: 7c5ddd695995823419edc25994434412,
    type: 2}
  m_PrefabInternal: {fileID: 0}
  m_GameObject: {fileID: 767458802}
  m_Enabled: 1
  m_EditorHideFlags: 0
  m_Script: {fileID: 11500000, guid: 145dc749e209caa4dae684bfe5a7393c, type: 3}
  m_Name: 
  m_EditorClassIdentifier: 
  DialogId: 
  HeadSprite: {fileID: 21300000, guid: 572912f145bc77e4f8da5240a4245361, type: 3}
  dialogueFlow:
  - I leave the door open so the wind can reach these chimes.
  - It's peaceful...I'm not sure if I can sleep without them anymore.
  Name: Zache
  FollowUp: {fileID: 0}
  IsStart: 1
  DisplayName: Windchimes
  Voice: {fileID: 0}
  textColor: {r: 0, g: 0, b: 0, a: 255}
  tonePitch: 1.2
  MaxInteractDistance: 2.5
--- !u!61 &767458806
BoxCollider2D:
  m_ObjectHideFlags: 0
  m_PrefabParentObject: {fileID: 61301431515727160, guid: 7c5ddd695995823419edc25994434412,
    type: 2}
  m_PrefabInternal: {fileID: 0}
  m_GameObject: {fileID: 767458802}
  m_Enabled: 1
  m_Density: 1
  m_Material: {fileID: 0}
  m_IsTrigger: 0
  m_UsedByEffector: 0
  m_Offset: {x: 0, y: 0}
  serializedVersion: 2
  m_Size: {x: 1, y: 1}
--- !u!1 &827497417
GameObject:
  m_ObjectHideFlags: 0
  m_PrefabParentObject: {fileID: 1724027891529252, guid: 7c5ddd695995823419edc25994434412,
    type: 2}
  m_PrefabInternal: {fileID: 0}
  serializedVersion: 5
  m_Component:
  - component: {fileID: 827497418}
  - component: {fileID: 827497421}
  - component: {fileID: 827497420}
  - component: {fileID: 827497419}
  m_Layer: 0
  m_Name: Inventory_Success_Keys
  m_TagString: Untagged
  m_Icon: {fileID: 0}
  m_NavMeshLayer: 0
  m_StaticEditorFlags: 0
  m_IsActive: 1
--- !u!4 &827497418
Transform:
  m_ObjectHideFlags: 0
  m_PrefabParentObject: {fileID: 4187589775342540, guid: 7c5ddd695995823419edc25994434412,
    type: 2}
  m_PrefabInternal: {fileID: 0}
  m_GameObject: {fileID: 827497417}
  m_LocalRotation: {x: -0, y: -0, z: -0, w: 1}
  m_LocalPosition: {x: 0, y: 0, z: 0}
  m_LocalScale: {x: 1, y: 1, z: 1}
  m_Children: []
  m_Father: {fileID: 1699457940}
  m_RootOrder: 3
  m_LocalEulerAnglesHint: {x: 0, y: 0, z: 0}
--- !u!114 &827497419
MonoBehaviour:
  m_ObjectHideFlags: 0
  m_PrefabParentObject: {fileID: 114601583695339658, guid: 7c5ddd695995823419edc25994434412,
    type: 2}
  m_PrefabInternal: {fileID: 0}
  m_GameObject: {fileID: 827497417}
  m_Enabled: 1
  m_EditorHideFlags: 0
  m_Script: {fileID: 11500000, guid: 31aaa318fd9af90428714cd0ebc95d99, type: 3}
  m_Name: 
  m_EditorClassIdentifier: 
  LeftAction: 0
  RightAction: 1
  Name: Unknown
  InteractText: Unknown Interacttext
  ListenText: Unknown Listentext
  UnlockKey: 
  IsInteractable: 0
  MaxInteractDistance: 2.5
  FailMessage: []
  headSprite: {fileID: 0}
  textSpeed: 0.04
  cancelDistance: 20
  dialogueFlow: []
  playerLeaveLines: []
  playerReturnLines: []
  playerTooLongLines: []
  Followup: {fileID: 0}
  Voice: {fileID: 0}
  textColor: {r: 0, g: 0, b: 0, a: 255}
  tonePitch: 1
--- !u!114 &827497420
MonoBehaviour:
  m_ObjectHideFlags: 0
  m_PrefabParentObject: {fileID: 114633978600698192, guid: 7c5ddd695995823419edc25994434412,
    type: 2}
  m_PrefabInternal: {fileID: 0}
  m_GameObject: {fileID: 827497417}
  m_Enabled: 1
  m_EditorHideFlags: 0
  m_Script: {fileID: 11500000, guid: 145dc749e209caa4dae684bfe5a7393c, type: 3}
  m_Name: 
  m_EditorClassIdentifier: 
  DialogId: 
  HeadSprite: {fileID: 21300000, guid: 572912f145bc77e4f8da5240a4245361, type: 3}
  dialogueFlow:
  - I don't bother to lock my door, but I suppose I'd like to get in if someone else
    did.
  Name: Zache
  FollowUp: {fileID: 0}
  IsStart: 1
  DisplayName: Keys
  Voice: {fileID: 0}
  textColor: {r: 0, g: 0, b: 0, a: 255}
  tonePitch: 1.2
  MaxInteractDistance: 2.5
--- !u!61 &827497421
BoxCollider2D:
  m_ObjectHideFlags: 0
  m_PrefabParentObject: {fileID: 61301431515727160, guid: 7c5ddd695995823419edc25994434412,
    type: 2}
  m_PrefabInternal: {fileID: 0}
  m_GameObject: {fileID: 827497417}
  m_Enabled: 1
  m_Density: 1
  m_Material: {fileID: 0}
  m_IsTrigger: 0
  m_UsedByEffector: 0
  m_Offset: {x: 0, y: 0}
  serializedVersion: 2
  m_Size: {x: 1, y: 1}
--- !u!1001 &941531745
Prefab:
  m_ObjectHideFlags: 0
  serializedVersion: 2
  m_Modification:
    m_TransformParent: {fileID: 0}
    m_Modifications:
    - target: {fileID: 4817912313668872, guid: 2028f0f92b8b38d47b26b5103afc3e35, type: 2}
      propertyPath: m_LocalPosition.x
      value: 11.8
      objectReference: {fileID: 0}
    - target: {fileID: 4817912313668872, guid: 2028f0f92b8b38d47b26b5103afc3e35, type: 2}
      propertyPath: m_LocalPosition.y
      value: 1.25
      objectReference: {fileID: 0}
    - target: {fileID: 4817912313668872, guid: 2028f0f92b8b38d47b26b5103afc3e35, type: 2}
      propertyPath: m_LocalPosition.z
      value: 0
      objectReference: {fileID: 0}
    - target: {fileID: 4817912313668872, guid: 2028f0f92b8b38d47b26b5103afc3e35, type: 2}
      propertyPath: m_LocalRotation.x
      value: 0
      objectReference: {fileID: 0}
    - target: {fileID: 4817912313668872, guid: 2028f0f92b8b38d47b26b5103afc3e35, type: 2}
      propertyPath: m_LocalRotation.y
      value: 0
      objectReference: {fileID: 0}
    - target: {fileID: 4817912313668872, guid: 2028f0f92b8b38d47b26b5103afc3e35, type: 2}
      propertyPath: m_LocalRotation.z
      value: 0
      objectReference: {fileID: 0}
    - target: {fileID: 4817912313668872, guid: 2028f0f92b8b38d47b26b5103afc3e35, type: 2}
      propertyPath: m_LocalRotation.w
      value: 1
      objectReference: {fileID: 0}
    - target: {fileID: 4817912313668872, guid: 2028f0f92b8b38d47b26b5103afc3e35, type: 2}
      propertyPath: m_RootOrder
      value: 3
      objectReference: {fileID: 0}
    - target: {fileID: 212364260893010122, guid: 2028f0f92b8b38d47b26b5103afc3e35,
        type: 2}
      propertyPath: m_SortingOrder
      value: 1
      objectReference: {fileID: 0}
    m_RemovedComponents: []
  m_ParentPrefab: {fileID: 100100000, guid: 2028f0f92b8b38d47b26b5103afc3e35, type: 2}
  m_IsPrefabParent: 0
--- !u!1 &952408592
GameObject:
  m_ObjectHideFlags: 0
  m_PrefabParentObject: {fileID: 0}
  m_PrefabInternal: {fileID: 0}
  serializedVersion: 5
  m_Component:
  - component: {fileID: 952408593}
  - component: {fileID: 952408595}
  - component: {fileID: 952408594}
  - component: {fileID: 952408596}
  m_Layer: 0
  m_Name: Washing_Machine_Dialog
  m_TagString: Untagged
  m_Icon: {fileID: 0}
  m_NavMeshLayer: 0
  m_StaticEditorFlags: 0
  m_IsActive: 1
--- !u!4 &952408593
Transform:
  m_ObjectHideFlags: 0
  m_PrefabParentObject: {fileID: 0}
  m_PrefabInternal: {fileID: 0}
  m_GameObject: {fileID: 952408592}
  m_LocalRotation: {x: 0, y: 0, z: 0, w: 1}
  m_LocalPosition: {x: 0, y: 0, z: 0}
  m_LocalScale: {x: 1, y: 1, z: 1}
  m_Children: []
  m_Father: {fileID: 639764240}
  m_RootOrder: 0
  m_LocalEulerAnglesHint: {x: 0, y: 0, z: 0}
--- !u!114 &952408594
MonoBehaviour:
  m_ObjectHideFlags: 0
  m_PrefabParentObject: {fileID: 0}
  m_PrefabInternal: {fileID: 0}
  m_GameObject: {fileID: 952408592}
  m_Enabled: 1
  m_EditorHideFlags: 0
  m_Script: {fileID: 11500000, guid: 145dc749e209caa4dae684bfe5a7393c, type: 3}
  m_Name: 
  m_EditorClassIdentifier: 
  DialogId: 
  HeadSprite: {fileID: 21300000, guid: 572912f145bc77e4f8da5240a4245361, type: 3}
  dialogueFlow:
  - This washing machine is old, but I got it for a song and dance at the shop around
    the corner.
  - I left wet clothes in there last night.
  Name: Zache
  FollowUp: {fileID: 0}
  IsStart: 1
  DisplayName: Washing Machine
  Voice: {fileID: 0}
  textColor: {r: 0, g: 0, b: 0, a: 255}
  tonePitch: 1.2
  MaxInteractDistance: 2.5
--- !u!61 &952408595
BoxCollider2D:
  m_ObjectHideFlags: 0
  m_PrefabParentObject: {fileID: 0}
  m_PrefabInternal: {fileID: 0}
  m_GameObject: {fileID: 952408592}
  m_Enabled: 1
  m_Density: 1
  m_Material: {fileID: 0}
  m_IsTrigger: 0
  m_UsedByEffector: 0
  m_Offset: {x: 0, y: 0}
  serializedVersion: 2
  m_Size: {x: 1, y: 1}
--- !u!114 &952408596
MonoBehaviour:
  m_ObjectHideFlags: 0
  m_PrefabParentObject: {fileID: 0}
  m_PrefabInternal: {fileID: 0}
  m_GameObject: {fileID: 952408592}
  m_Enabled: 1
  m_EditorHideFlags: 0
  m_Script: {fileID: 11500000, guid: 31aaa318fd9af90428714cd0ebc95d99, type: 3}
  m_Name: 
  m_EditorClassIdentifier: 
  LeftAction: 0
  RightAction: 1
  Name: Unknown
  InteractText: Unknown Interacttext
  ListenText: Unknown Listentext
  UnlockKey: 
  IsInteractable: 1
  MaxInteractDistance: 2.5
  FailMessage: []
  headSprite: {fileID: 0}
  textSpeed: 0.04
  cancelDistance: 20
  dialogueFlow: []
  playerLeaveLines: []
  playerReturnLines: []
  playerTooLongLines: []
  Followup: {fileID: 0}
  Voice: {fileID: 0}
  textColor: {r: 0, g: 0, b: 0, a: 255}
  tonePitch: 1
--- !u!1001 &986916841
Prefab:
  m_ObjectHideFlags: 0
  serializedVersion: 2
  m_Modification:
    m_TransformParent: {fileID: 1626522995}
    m_Modifications:
    - target: {fileID: 4139941549856222, guid: 568fcbc902125c745b13f41e765650ec, type: 2}
      propertyPath: m_LocalPosition.x
      value: 6.42
      objectReference: {fileID: 0}
    - target: {fileID: 4139941549856222, guid: 568fcbc902125c745b13f41e765650ec, type: 2}
      propertyPath: m_LocalPosition.y
      value: 3.07
      objectReference: {fileID: 0}
    - target: {fileID: 4139941549856222, guid: 568fcbc902125c745b13f41e765650ec, type: 2}
      propertyPath: m_LocalPosition.z
      value: 0
      objectReference: {fileID: 0}
    - target: {fileID: 4139941549856222, guid: 568fcbc902125c745b13f41e765650ec, type: 2}
      propertyPath: m_LocalRotation.x
      value: -0
      objectReference: {fileID: 0}
    - target: {fileID: 4139941549856222, guid: 568fcbc902125c745b13f41e765650ec, type: 2}
      propertyPath: m_LocalRotation.y
      value: -0
      objectReference: {fileID: 0}
    - target: {fileID: 4139941549856222, guid: 568fcbc902125c745b13f41e765650ec, type: 2}
      propertyPath: m_LocalRotation.z
      value: -0
      objectReference: {fileID: 0}
    - target: {fileID: 4139941549856222, guid: 568fcbc902125c745b13f41e765650ec, type: 2}
      propertyPath: m_LocalRotation.w
      value: 1
      objectReference: {fileID: 0}
    - target: {fileID: 4139941549856222, guid: 568fcbc902125c745b13f41e765650ec, type: 2}
      propertyPath: m_RootOrder
      value: 0
      objectReference: {fileID: 0}
    - target: {fileID: 114886992756131228, guid: 568fcbc902125c745b13f41e765650ec,
        type: 2}
      propertyPath: nextSuccess
      value: 
      objectReference: {fileID: 1460135815}
    - target: {fileID: 114886992756131228, guid: 568fcbc902125c745b13f41e765650ec,
        type: 2}
      propertyPath: nextFail
      value: 
      objectReference: {fileID: 581624282}
    - target: {fileID: 212812575055573780, guid: 568fcbc902125c745b13f41e765650ec,
        type: 2}
      propertyPath: m_SortingOrder
      value: -1
      objectReference: {fileID: 0}
    m_RemovedComponents: []
  m_ParentPrefab: {fileID: 100100000, guid: 568fcbc902125c745b13f41e765650ec, type: 2}
  m_IsPrefabParent: 0
--- !u!1 &1008875681
GameObject:
  m_ObjectHideFlags: 0
  m_PrefabParentObject: {fileID: 0}
  m_PrefabInternal: {fileID: 0}
  serializedVersion: 5
  m_Component:
  - component: {fileID: 1008875682}
  - component: {fileID: 1008875683}
  m_Layer: 0
  m_Name: room_base
  m_TagString: Untagged
  m_Icon: {fileID: 0}
  m_NavMeshLayer: 0
  m_StaticEditorFlags: 0
  m_IsActive: 1
--- !u!4 &1008875682
Transform:
  m_ObjectHideFlags: 0
  m_PrefabParentObject: {fileID: 0}
  m_PrefabInternal: {fileID: 0}
  m_GameObject: {fileID: 1008875681}
  m_LocalRotation: {x: -0, y: -0, z: -0, w: 1}
  m_LocalPosition: {x: 0, y: 4, z: 0}
  m_LocalScale: {x: 1, y: 1, z: 1}
  m_Children: []
  m_Father: {fileID: 1206763254}
  m_RootOrder: 0
  m_LocalEulerAnglesHint: {x: 0, y: 0, z: 0}
--- !u!212 &1008875683
SpriteRenderer:
  m_ObjectHideFlags: 0
  m_PrefabParentObject: {fileID: 0}
  m_PrefabInternal: {fileID: 0}
  m_GameObject: {fileID: 1008875681}
  m_Enabled: 1
  m_CastShadows: 0
  m_ReceiveShadows: 0
  m_MotionVectors: 1
  m_LightProbeUsage: 0
  m_ReflectionProbeUsage: 0
  m_Materials:
  - {fileID: 10754, guid: 0000000000000000f000000000000000, type: 0}
  m_StaticBatchInfo:
    firstSubMesh: 0
    subMeshCount: 0
  m_StaticBatchRoot: {fileID: 0}
  m_ProbeAnchor: {fileID: 0}
  m_LightProbeVolumeOverride: {fileID: 0}
  m_ScaleInLightmap: 1
  m_PreserveUVs: 0
  m_IgnoreNormalsForChartDetection: 0
  m_ImportantGI: 0
  m_SelectedEditorRenderState: 0
  m_MinimumChartSize: 4
  m_AutoUVMaxDistance: 0.5
  m_AutoUVMaxAngle: 89
  m_LightmapParameters: {fileID: 0}
  m_SortingLayerID: 0
  m_SortingOrder: -100
  m_Sprite: {fileID: 21300000, guid: 91ee5c1b0e94a4bbd8b83296e757d7b1, type: 3}
  m_Color: {r: 1, g: 1, b: 1, a: 1}
  m_FlipX: 0
  m_FlipY: 0
--- !u!1001 &1105782004
Prefab:
  m_ObjectHideFlags: 0
  serializedVersion: 2
  m_Modification:
    m_TransformParent: {fileID: 1626522995}
    m_Modifications:
    - target: {fileID: 4139941549856222, guid: 568fcbc902125c745b13f41e765650ec, type: 2}
      propertyPath: m_LocalPosition.x
      value: 7.314
      objectReference: {fileID: 0}
    - target: {fileID: 4139941549856222, guid: 568fcbc902125c745b13f41e765650ec, type: 2}
      propertyPath: m_LocalPosition.y
      value: 3.168
      objectReference: {fileID: 0}
    - target: {fileID: 4139941549856222, guid: 568fcbc902125c745b13f41e765650ec, type: 2}
      propertyPath: m_LocalPosition.z
      value: 0
      objectReference: {fileID: 0}
    - target: {fileID: 4139941549856222, guid: 568fcbc902125c745b13f41e765650ec, type: 2}
      propertyPath: m_LocalRotation.x
      value: 0
      objectReference: {fileID: 0}
    - target: {fileID: 4139941549856222, guid: 568fcbc902125c745b13f41e765650ec, type: 2}
      propertyPath: m_LocalRotation.y
      value: 0
      objectReference: {fileID: 0}
    - target: {fileID: 4139941549856222, guid: 568fcbc902125c745b13f41e765650ec, type: 2}
      propertyPath: m_LocalRotation.z
      value: -0.021814799
      objectReference: {fileID: 0}
    - target: {fileID: 4139941549856222, guid: 568fcbc902125c745b13f41e765650ec, type: 2}
      propertyPath: m_LocalRotation.w
      value: 0.999762
      objectReference: {fileID: 0}
    - target: {fileID: 4139941549856222, guid: 568fcbc902125c745b13f41e765650ec, type: 2}
      propertyPath: m_RootOrder
      value: 3
      objectReference: {fileID: 0}
    - target: {fileID: 1308620440701334, guid: 568fcbc902125c745b13f41e765650ec, type: 2}
      propertyPath: m_Name
      value: Pickupable_Keys
      objectReference: {fileID: 0}
    - target: {fileID: 212812575055573780, guid: 568fcbc902125c745b13f41e765650ec,
        type: 2}
      propertyPath: m_Sprite
      value: 
      objectReference: {fileID: 21300006, guid: f45f35c5cf8b95d499e2b7ef860b5d05,
        type: 3}
    - target: {fileID: 61633692903548948, guid: 568fcbc902125c745b13f41e765650ec,
        type: 2}
      propertyPath: m_Offset.x
      value: -0.09
      objectReference: {fileID: 0}
    - target: {fileID: 61633692903548948, guid: 568fcbc902125c745b13f41e765650ec,
        type: 2}
      propertyPath: m_Offset.y
      value: -0.05
      objectReference: {fileID: 0}
    - target: {fileID: 82301319686370842, guid: 568fcbc902125c745b13f41e765650ec,
        type: 2}
      propertyPath: m_Enabled
      value: 1
      objectReference: {fileID: 0}
    - target: {fileID: 114886992756131228, guid: 568fcbc902125c745b13f41e765650ec,
        type: 2}
      propertyPath: item.sound
      value: 
      objectReference: {fileID: 8300000, guid: 0dd3afc732b1b944e9fa01cb48da3796, type: 3}
    - target: {fileID: 114886992756131228, guid: 568fcbc902125c745b13f41e765650ec,
        type: 2}
      propertyPath: nextFail
      value: 
      objectReference: {fileID: 581624282}
    - target: {fileID: 114886992756131228, guid: 568fcbc902125c745b13f41e765650ec,
        type: 2}
      propertyPath: nextSuccess
      value: 
      objectReference: {fileID: 827497419}
    - target: {fileID: 114886992756131228, guid: 568fcbc902125c745b13f41e765650ec,
        type: 2}
      propertyPath: item.icon
      value: 
      objectReference: {fileID: 21300006, guid: f45f35c5cf8b95d499e2b7ef860b5d05,
        type: 3}
    - target: {fileID: 114886992756131228, guid: 568fcbc902125c745b13f41e765650ec,
        type: 2}
      propertyPath: item.displayName
      value: Keys
      objectReference: {fileID: 0}
    - target: {fileID: 114886992756131228, guid: 568fcbc902125c745b13f41e765650ec,
        type: 2}
      propertyPath: item.description
      value: Keys
      objectReference: {fileID: 0}
    - target: {fileID: 114886992756131228, guid: 568fcbc902125c745b13f41e765650ec,
        type: 2}
      propertyPath: Name
      value: Keys
      objectReference: {fileID: 0}
    - target: {fileID: 61633692903548948, guid: 568fcbc902125c745b13f41e765650ec,
        type: 2}
      propertyPath: m_Size.x
      value: 3.39
      objectReference: {fileID: 0}
    - target: {fileID: 61633692903548948, guid: 568fcbc902125c745b13f41e765650ec,
        type: 2}
      propertyPath: m_Size.y
      value: 2.45
      objectReference: {fileID: 0}
    - target: {fileID: 4139941549856222, guid: 568fcbc902125c745b13f41e765650ec, type: 2}
      propertyPath: m_LocalScale.x
      value: 0.05
      objectReference: {fileID: 0}
    - target: {fileID: 4139941549856222, guid: 568fcbc902125c745b13f41e765650ec, type: 2}
      propertyPath: m_LocalScale.y
      value: 0.05
      objectReference: {fileID: 0}
    - target: {fileID: 212812575055573780, guid: 568fcbc902125c745b13f41e765650ec,
        type: 2}
      propertyPath: m_SortingOrder
      value: -1
      objectReference: {fileID: 0}
    - target: {fileID: 114886992756131228, guid: 568fcbc902125c745b13f41e765650ec,
        type: 2}
      propertyPath: MaxInteractDistance
      value: 2.5
      objectReference: {fileID: 0}
    - target: {fileID: 114886992756131228, guid: 568fcbc902125c745b13f41e765650ec,
        type: 2}
      propertyPath: item.type
      value: 6
      objectReference: {fileID: 0}
    - target: {fileID: 4139941549856222, guid: 568fcbc902125c745b13f41e765650ec, type: 2}
      propertyPath: m_LocalEulerAnglesHint.z
      value: -2.5
      objectReference: {fileID: 0}
    - target: {fileID: 4139941549856222, guid: 568fcbc902125c745b13f41e765650ec, type: 2}
      propertyPath: m_LocalEulerAnglesHint.y
      value: 0
      objectReference: {fileID: 0}
    m_RemovedComponents: []
  m_ParentPrefab: {fileID: 100100000, guid: 568fcbc902125c745b13f41e765650ec, type: 2}
  m_IsPrefabParent: 0
--- !u!4 &1105782005 stripped
Transform:
  m_PrefabParentObject: {fileID: 4139941549856222, guid: 568fcbc902125c745b13f41e765650ec,
    type: 2}
  m_PrefabInternal: {fileID: 1105782004}
--- !u!1001 &1151803863
Prefab:
  m_ObjectHideFlags: 0
  serializedVersion: 2
  m_Modification:
    m_TransformParent: {fileID: 0}
    m_Modifications:
    - target: {fileID: 4278238013442886, guid: 2791b504cf4a7864087dc2899800ec3e, type: 2}
      propertyPath: m_LocalPosition.x
      value: 8.685815
      objectReference: {fileID: 0}
    - target: {fileID: 4278238013442886, guid: 2791b504cf4a7864087dc2899800ec3e, type: 2}
      propertyPath: m_LocalPosition.y
      value: 0.6065757
      objectReference: {fileID: 0}
    - target: {fileID: 4278238013442886, guid: 2791b504cf4a7864087dc2899800ec3e, type: 2}
      propertyPath: m_LocalPosition.z
      value: 42.379295
      objectReference: {fileID: 0}
    - target: {fileID: 4278238013442886, guid: 2791b504cf4a7864087dc2899800ec3e, type: 2}
      propertyPath: m_LocalRotation.x
      value: 0
      objectReference: {fileID: 0}
    - target: {fileID: 4278238013442886, guid: 2791b504cf4a7864087dc2899800ec3e, type: 2}
      propertyPath: m_LocalRotation.y
      value: 0
      objectReference: {fileID: 0}
    - target: {fileID: 4278238013442886, guid: 2791b504cf4a7864087dc2899800ec3e, type: 2}
      propertyPath: m_LocalRotation.z
      value: 0
      objectReference: {fileID: 0}
    - target: {fileID: 4278238013442886, guid: 2791b504cf4a7864087dc2899800ec3e, type: 2}
      propertyPath: m_LocalRotation.w
      value: 1
      objectReference: {fileID: 0}
    - target: {fileID: 4278238013442886, guid: 2791b504cf4a7864087dc2899800ec3e, type: 2}
      propertyPath: m_RootOrder
      value: 2
      objectReference: {fileID: 0}
    - target: {fileID: 114560807467037366, guid: 2791b504cf4a7864087dc2899800ec3e,
        type: 2}
      propertyPath: Sounds.Array.data[0]
      value: 
      objectReference: {fileID: 8300000, guid: 0411925fd350e584d96ea54a36366ca9, type: 3}
    m_RemovedComponents: []
  m_ParentPrefab: {fileID: 100100000, guid: 2791b504cf4a7864087dc2899800ec3e, type: 2}
  m_IsPrefabParent: 0
--- !u!1 &1206763253
GameObject:
  m_ObjectHideFlags: 0
  m_PrefabParentObject: {fileID: 0}
  m_PrefabInternal: {fileID: 0}
  serializedVersion: 5
  m_Component:
  - component: {fileID: 1206763254}
  - component: {fileID: 1206763256}
  - component: {fileID: 1206763255}
  m_Layer: 0
  m_Name: Background
  m_TagString: Untagged
  m_Icon: {fileID: 0}
  m_NavMeshLayer: 0
  m_StaticEditorFlags: 0
  m_IsActive: 1
--- !u!4 &1206763254
Transform:
  m_ObjectHideFlags: 0
  m_PrefabParentObject: {fileID: 0}
  m_PrefabInternal: {fileID: 0}
  m_GameObject: {fileID: 1206763253}
  m_LocalRotation: {x: 0, y: 0, z: 0, w: 1}
  m_LocalPosition: {x: 7.25, y: 0, z: 0}
  m_LocalScale: {x: 1, y: 1, z: 1}
  m_Children:
  - {fileID: 1008875682}
  - {fileID: 1568305664}
  m_Father: {fileID: 0}
  m_RootOrder: 1
  m_LocalEulerAnglesHint: {x: 0, y: 0, z: 0}
--- !u!95 &1206763255
Animator:
  serializedVersion: 3
  m_ObjectHideFlags: 0
  m_PrefabParentObject: {fileID: 0}
  m_PrefabInternal: {fileID: 0}
  m_GameObject: {fileID: 1206763253}
  m_Enabled: 1
  m_Avatar: {fileID: 0}
  m_Controller: {fileID: 0}
  m_CullingMode: 0
  m_UpdateMode: 0
  m_ApplyRootMotion: 0
  m_LinearVelocityBlending: 0
  m_WarningMessage: 
  m_HasTransformHierarchy: 1
  m_AllowConstantClipSamplingOptimization: 1
--- !u!212 &1206763256
SpriteRenderer:
  m_ObjectHideFlags: 0
  m_PrefabParentObject: {fileID: 0}
  m_PrefabInternal: {fileID: 0}
  m_GameObject: {fileID: 1206763253}
  m_Enabled: 1
  m_CastShadows: 0
  m_ReceiveShadows: 0
  m_MotionVectors: 1
  m_LightProbeUsage: 0
  m_ReflectionProbeUsage: 0
  m_Materials:
  - {fileID: 10754, guid: 0000000000000000f000000000000000, type: 0}
  m_StaticBatchInfo:
    firstSubMesh: 0
    subMeshCount: 0
  m_StaticBatchRoot: {fileID: 0}
  m_ProbeAnchor: {fileID: 0}
  m_LightProbeVolumeOverride: {fileID: 0}
  m_ScaleInLightmap: 1
  m_PreserveUVs: 0
  m_IgnoreNormalsForChartDetection: 0
  m_ImportantGI: 0
  m_SelectedEditorRenderState: 0
  m_MinimumChartSize: 4
  m_AutoUVMaxDistance: 0.5
  m_AutoUVMaxAngle: 89
  m_LightmapParameters: {fileID: 0}
  m_SortingLayerID: 0
  m_SortingOrder: 0
  m_Sprite: {fileID: 0}
  m_Color: {r: 1, g: 1, b: 1, a: 1}
  m_FlipX: 0
  m_FlipY: 0
--- !u!1 &1286542241
GameObject:
  m_ObjectHideFlags: 0
  m_PrefabParentObject: {fileID: 0}
  m_PrefabInternal: {fileID: 0}
  serializedVersion: 5
  m_Component:
  - component: {fileID: 1286542244}
  - component: {fileID: 1286542243}
  - component: {fileID: 1286542242}
  m_Layer: 0
  m_Name: Interactable_Print
  m_TagString: Untagged
  m_Icon: {fileID: 0}
  m_NavMeshLayer: 0
  m_StaticEditorFlags: 0
  m_IsActive: 1
--- !u!114 &1286542242
MonoBehaviour:
  m_ObjectHideFlags: 0
  m_PrefabParentObject: {fileID: 0}
  m_PrefabInternal: {fileID: 0}
  m_GameObject: {fileID: 1286542241}
  m_Enabled: 1
  m_EditorHideFlags: 0
  m_Script: {fileID: 11500000, guid: 145dc749e209caa4dae684bfe5a7393c, type: 3}
  m_Name: 
  m_EditorClassIdentifier: 
  DialogId: 
  HeadSprite: {fileID: 21300000, guid: 572912f145bc77e4f8da5240a4245361, type: 3}
  dialogueFlow:
  - I found this canvas in the junkyard. It's torn and faded, but it really brings
    the room together.
  Name: Zache
  FollowUp: {fileID: 0}
  IsStart: 1
  DisplayName: Print
  Voice: {fileID: 0}
  textColor: {r: 0, g: 0, b: 0, a: 255}
  tonePitch: 1.2
  MaxInteractDistance: 5
--- !u!61 &1286542243
BoxCollider2D:
  m_ObjectHideFlags: 0
  m_PrefabParentObject: {fileID: 0}
  m_PrefabInternal: {fileID: 0}
  m_GameObject: {fileID: 1286542241}
  m_Enabled: 1
  m_Density: 1
  m_Material: {fileID: 0}
  m_IsTrigger: 0
  m_UsedByEffector: 0
  m_Offset: {x: 0, y: 0}
  serializedVersion: 2
  m_Size: {x: 1, y: 1}
--- !u!4 &1286542244
Transform:
  m_ObjectHideFlags: 0
  m_PrefabParentObject: {fileID: 0}
  m_PrefabInternal: {fileID: 0}
  m_GameObject: {fileID: 1286542241}
  m_LocalRotation: {x: -0, y: -0, z: -0, w: 1}
  m_LocalPosition: {x: 3.9, y: 4.54, z: 0}
  m_LocalScale: {x: 1.61, y: 1.8838274, z: 0.81}
  m_Children: []
  m_Father: {fileID: 1489300283}
  m_RootOrder: 0
  m_LocalEulerAnglesHint: {x: 0, y: 0, z: 0}
--- !u!4 &1296891077 stripped
Transform:
  m_PrefabParentObject: {fileID: 4180815409092738, guid: aa1f2e223275442478e51d5349e15408,
    type: 2}
  m_PrefabInternal: {fileID: 195288318}
--- !u!1 &1364729136
GameObject:
  m_ObjectHideFlags: 0
  m_PrefabParentObject: {fileID: 0}
  m_PrefabInternal: {fileID: 0}
  serializedVersion: 5
  m_Component:
  - component: {fileID: 1364729137}
  - component: {fileID: 1364729139}
  - component: {fileID: 1364729138}
  m_Layer: 0
  m_Name: Interactable_Dreams
  m_TagString: Untagged
  m_Icon: {fileID: 0}
  m_NavMeshLayer: 0
  m_StaticEditorFlags: 0
  m_IsActive: 1
--- !u!4 &1364729137
Transform:
  m_ObjectHideFlags: 0
  m_PrefabParentObject: {fileID: 0}
  m_PrefabInternal: {fileID: 0}
  m_GameObject: {fileID: 1364729136}
  m_LocalRotation: {x: -0, y: -0, z: -0, w: 1}
  m_LocalPosition: {x: 1.377, y: 1.85, z: 0}
  m_LocalScale: {x: 0.08, y: 0.09, z: 0.71702}
  m_Children: []
  m_Father: {fileID: 1489300283}
  m_RootOrder: 6
  m_LocalEulerAnglesHint: {x: 0, y: 0, z: 0}
--- !u!114 &1364729138
MonoBehaviour:
  m_ObjectHideFlags: 0
  m_PrefabParentObject: {fileID: 0}
  m_PrefabInternal: {fileID: 0}
  m_GameObject: {fileID: 1364729136}
  m_Enabled: 1
  m_EditorHideFlags: 0
  m_Script: {fileID: 11500000, guid: 145dc749e209caa4dae684bfe5a7393c, type: 3}
  m_Name: 
  m_EditorClassIdentifier: 
  DialogId: D_NARR_PHOM_0001
  HeadSprite: {fileID: 21300000, guid: 4bafe0328417c404388cc69068addba8, type: 3}
  dialogueFlow:
  - 'After 12 days of mourning, the Clan should have gathered together, bound by blood
    and tradition. '
  - We would have smiled and laughed openly as we celebrated Granna's life and everything
    she meant to us.
  - '...but that''s not what happened. '
  - On the 13th day, we gathered... and we argued.
  Name: <color="#000000">The Ancestors </color>
  FollowUp: {fileID: 0}
  IsStart: 1
  DisplayName: Voice of the Ancestors
  Voice: {fileID: 0}
  textColor: {r: 0, g: 0, b: 0, a: 255}
  tonePitch: 0.8
  MaxInteractDistance: 2.5
--- !u!61 &1364729139
BoxCollider2D:
  m_ObjectHideFlags: 0
  m_PrefabParentObject: {fileID: 0}
  m_PrefabInternal: {fileID: 0}
  m_GameObject: {fileID: 1364729136}
  m_Enabled: 1
  m_Density: 1
  m_Material: {fileID: 0}
  m_IsTrigger: 0
  m_UsedByEffector: 0
  m_Offset: {x: 0, y: 0}
  serializedVersion: 2
  m_Size: {x: 1, y: 1}
--- !u!4 &1429928598 stripped
Transform:
  m_PrefabParentObject: {fileID: 4139941549856222, guid: 568fcbc902125c745b13f41e765650ec,
    type: 2}
  m_PrefabInternal: {fileID: 986916841}
--- !u!114 &1460135815 stripped
MonoBehaviour:
  m_PrefabParentObject: {fileID: 114601583695339658, guid: 7c5ddd695995823419edc25994434412,
    type: 2}
  m_PrefabInternal: {fileID: 1699457939}
  m_Script: {fileID: 11500000, guid: 31aaa318fd9af90428714cd0ebc95d99, type: 3}
--- !u!1 &1489300282
GameObject:
  m_ObjectHideFlags: 0
  m_PrefabParentObject: {fileID: 0}
  m_PrefabInternal: {fileID: 0}
  serializedVersion: 5
  m_Component:
  - component: {fileID: 1489300283}
  m_Layer: 0
  m_Name: Interactables
  m_TagString: Untagged
  m_Icon: {fileID: 0}
  m_NavMeshLayer: 0
  m_StaticEditorFlags: 0
  m_IsActive: 1
--- !u!4 &1489300283
Transform:
  m_ObjectHideFlags: 0
  m_PrefabParentObject: {fileID: 0}
  m_PrefabInternal: {fileID: 0}
  m_GameObject: {fileID: 1489300282}
  m_LocalRotation: {x: 0, y: 0, z: 0, w: 1}
  m_LocalPosition: {x: 0, y: 0, z: 0}
  m_LocalScale: {x: 1, y: 1, z: 1}
  m_Children:
  - {fileID: 1286542244}
  - {fileID: 1296891077}
  - {fileID: 2035516509}
  - {fileID: 502815458}
  - {fileID: 362854577}
  - {fileID: 323366227}
  - {fileID: 1364729137}
  m_Father: {fileID: 0}
  m_RootOrder: 5
  m_LocalEulerAnglesHint: {x: 0, y: 0, z: 0}
--- !u!1 &1568305663
GameObject:
  m_ObjectHideFlags: 0
  m_PrefabParentObject: {fileID: 0}
  m_PrefabInternal: {fileID: 0}
  serializedVersion: 5
  m_Component:
  - component: {fileID: 1568305664}
  - component: {fileID: 1568305665}
  m_Layer: 0
  m_Name: NavigationMesh
  m_TagString: Untagged
  m_Icon: {fileID: 0}
  m_NavMeshLayer: 0
  m_StaticEditorFlags: 0
  m_IsActive: 1
--- !u!4 &1568305664
Transform:
  m_ObjectHideFlags: 0
  m_PrefabParentObject: {fileID: 0}
  m_PrefabInternal: {fileID: 0}
  m_GameObject: {fileID: 1568305663}
  m_LocalRotation: {x: 0, y: 0, z: 0, w: 1}
  m_LocalPosition: {x: 0, y: 0, z: 0}
  m_LocalScale: {x: 1, y: 1, z: 1}
  m_Children: []
  m_Father: {fileID: 1206763254}
  m_RootOrder: 1
  m_LocalEulerAnglesHint: {x: 0, y: 0, z: 0}
--- !u!114 &1568305665
MonoBehaviour:
  m_ObjectHideFlags: 0
  m_PrefabParentObject: {fileID: 0}
  m_PrefabInternal: {fileID: 0}
  m_GameObject: {fileID: 1568305663}
  m_Enabled: 1
  m_EditorHideFlags: 0
  m_Script: {fileID: 11500000, guid: 7096b590558cf40369f939059248f262, type: 3}
  m_Name: 
  m_EditorClassIdentifier: 
  dims:
    x: 0
    y: 0
  areas:
  - serializedVersion: 2
    x: 0.67726135
    y: 0.038002253
    width: 13.764519
    height: 0.6483288
  - serializedVersion: 2
    x: 4.841526
    y: 0.68633103
    width: 3.2915163
    height: 1.2717221
  - serializedVersion: 2
    x: 9.180343
    y: 0.68633103
    width: 4.7876596
    height: 1.0473003
  - serializedVersion: 2
    x: 11.424559
    y: 1.7086959
    width: 1.0472994
    height: 0.5735214
--- !u!1 &1626522994
GameObject:
  m_ObjectHideFlags: 0
  m_PrefabParentObject: {fileID: 0}
  m_PrefabInternal: {fileID: 0}
  serializedVersion: 5
  m_Component:
  - component: {fileID: 1626522995}
  m_Layer: 0
  m_Name: Pickupables
  m_TagString: Untagged
  m_Icon: {fileID: 0}
  m_NavMeshLayer: 0
  m_StaticEditorFlags: 0
  m_IsActive: 1
--- !u!4 &1626522995
Transform:
  m_ObjectHideFlags: 0
  m_PrefabParentObject: {fileID: 0}
  m_PrefabInternal: {fileID: 0}
  m_GameObject: {fileID: 1626522994}
  m_LocalRotation: {x: 0, y: 0, z: 0, w: 1}
  m_LocalPosition: {x: 0, y: 0, z: 0}
  m_LocalScale: {x: 1, y: 1, z: 1}
  m_Children:
  - {fileID: 1429928598}
  - {fileID: 639764240}
  - {fileID: 91461583}
  - {fileID: 1105782005}
  m_Father: {fileID: 0}
  m_RootOrder: 6
  m_LocalEulerAnglesHint: {x: 0, y: 0, z: 0}
--- !u!1001 &1699457939
Prefab:
  m_ObjectHideFlags: 0
  serializedVersion: 2
  m_Modification:
    m_TransformParent: {fileID: 0}
    m_Modifications:
    - target: {fileID: 4904380983488036, guid: 7c5ddd695995823419edc25994434412, type: 2}
      propertyPath: m_LocalPosition.x
      value: 0
      objectReference: {fileID: 0}
    - target: {fileID: 4904380983488036, guid: 7c5ddd695995823419edc25994434412, type: 2}
      propertyPath: m_LocalPosition.y
      value: 0
      objectReference: {fileID: 0}
    - target: {fileID: 4904380983488036, guid: 7c5ddd695995823419edc25994434412, type: 2}
      propertyPath: m_LocalPosition.z
      value: 0
      objectReference: {fileID: 0}
    - target: {fileID: 4904380983488036, guid: 7c5ddd695995823419edc25994434412, type: 2}
      propertyPath: m_LocalRotation.x
      value: 0
      objectReference: {fileID: 0}
    - target: {fileID: 4904380983488036, guid: 7c5ddd695995823419edc25994434412, type: 2}
      propertyPath: m_LocalRotation.y
      value: 0
      objectReference: {fileID: 0}
    - target: {fileID: 4904380983488036, guid: 7c5ddd695995823419edc25994434412, type: 2}
      propertyPath: m_LocalRotation.z
      value: 0
      objectReference: {fileID: 0}
    - target: {fileID: 4904380983488036, guid: 7c5ddd695995823419edc25994434412, type: 2}
      propertyPath: m_LocalRotation.w
      value: 1
      objectReference: {fileID: 0}
    - target: {fileID: 4904380983488036, guid: 7c5ddd695995823419edc25994434412, type: 2}
      propertyPath: m_RootOrder
      value: 7
      objectReference: {fileID: 0}
    - target: {fileID: 1724027891529252, guid: 7c5ddd695995823419edc25994434412, type: 2}
      propertyPath: m_Name
      value: Inventory_Success_Radio
      objectReference: {fileID: 0}
    - target: {fileID: 114633978600698192, guid: 7c5ddd695995823419edc25994434412,
        type: 2}
      propertyPath: dialogueFlow.Array.data[0]
      value: The radio towers have been inoperable for years, but it's still nice
        to fill the silence with <i>something</i>.
      objectReference: {fileID: 0}
    - target: {fileID: 114553112521206298, guid: 7c5ddd695995823419edc25994434412,
        type: 2}
      propertyPath: dialogueFlow.Array.data[0]
      value: No, that won't do...
      objectReference: {fileID: 0}
    m_RemovedComponents:
    - {fileID: 114933099645671194, guid: 7c5ddd695995823419edc25994434412, type: 2}
    - {fileID: 114631116451179288, guid: 7c5ddd695995823419edc25994434412, type: 2}
    - {fileID: 114548497245833826, guid: 7c5ddd695995823419edc25994434412, type: 2}
    - {fileID: 114500908577261666, guid: 7c5ddd695995823419edc25994434412, type: 2}
  m_ParentPrefab: {fileID: 100100000, guid: 7c5ddd695995823419edc25994434412, type: 2}
  m_IsPrefabParent: 0
--- !u!4 &1699457940 stripped
Transform:
  m_PrefabParentObject: {fileID: 4387523438255944, guid: 7c5ddd695995823419edc25994434412,
    type: 2}
  m_PrefabInternal: {fileID: 1699457939}
--- !u!1 &1838947289
GameObject:
  m_ObjectHideFlags: 0
  m_PrefabParentObject: {fileID: 0}
  m_PrefabInternal: {fileID: 0}
  serializedVersion: 5
  m_Component:
  - component: {fileID: 1838947290}
  - component: {fileID: 1838947292}
  - component: {fileID: 1838947291}
  m_Layer: 0
  m_Name: Scene_Success_Container
  m_TagString: Untagged
  m_Icon: {fileID: 0}
  m_NavMeshLayer: 0
  m_StaticEditorFlags: 0
  m_IsActive: 1
--- !u!4 &1838947290
Transform:
  m_ObjectHideFlags: 0
  m_PrefabParentObject: {fileID: 0}
  m_PrefabInternal: {fileID: 0}
  m_GameObject: {fileID: 1838947289}
  m_LocalRotation: {x: 0, y: 0, z: 0, w: 1}
  m_LocalPosition: {x: 0, y: 0, z: 0}
  m_LocalScale: {x: 1, y: 1, z: 1}
  m_Children: []
  m_Father: {fileID: 352952462}
  m_RootOrder: 3
  m_LocalEulerAnglesHint: {x: 0, y: 0, z: 0}
--- !u!114 &1838947291
MonoBehaviour:
  m_ObjectHideFlags: 0
  m_PrefabParentObject: {fileID: 0}
  m_PrefabInternal: {fileID: 0}
  m_GameObject: {fileID: 1838947289}
  m_Enabled: 1
  m_EditorHideFlags: 0
  m_Script: {fileID: 11500000, guid: cd41df14cc007449e82983be43eebea9, type: 3}
  m_Name: 
  m_EditorClassIdentifier: 
  LeftAction: 0
  RightAction: 1
  Name: Door
  InteractText: Unknown Interacttext
  ListenText: Unknown Listentext
  UnlockKey: Radio Static
  IsInteractable: 1
  MaxInteractDistance: 2.5
  FailMessage: []
  targets:
  - {fileID: 2030986783}
  - {fileID: 100530895}
--- !u!61 &1838947292
BoxCollider2D:
  m_ObjectHideFlags: 0
  m_PrefabParentObject: {fileID: 0}
  m_PrefabInternal: {fileID: 0}
  m_GameObject: {fileID: 1838947289}
  m_Enabled: 1
  m_Density: 1
  m_Material: {fileID: 0}
  m_IsTrigger: 0
  m_UsedByEffector: 0
  m_Offset: {x: 0, y: 0}
  serializedVersion: 2
  m_Size: {x: 1, y: 1}
--- !u!1 &2030986781
GameObject:
  m_ObjectHideFlags: 0
  m_PrefabParentObject: {fileID: 1838394341613146, guid: 7c5ddd695995823419edc25994434412,
    type: 2}
  m_PrefabInternal: {fileID: 0}
  serializedVersion: 5
  m_Component:
  - component: {fileID: 2030986782}
  - component: {fileID: 2030986785}
  - component: {fileID: 2030986784}
  - component: {fileID: 2030986783}
  m_Layer: 0
  m_Name: Unlock_Scene_Success
  m_TagString: Untagged
  m_Icon: {fileID: 0}
  m_NavMeshLayer: 0
  m_StaticEditorFlags: 0
  m_IsActive: 1
--- !u!4 &2030986782
Transform:
  m_ObjectHideFlags: 0
  m_PrefabParentObject: {fileID: 4696714318727488, guid: 7c5ddd695995823419edc25994434412,
    type: 2}
  m_PrefabInternal: {fileID: 0}
  m_GameObject: {fileID: 2030986781}
  m_LocalRotation: {x: -0, y: -0, z: -0, w: 1}
  m_LocalPosition: {x: 30, y: 0, z: 0}
  m_LocalScale: {x: 1, y: 1, z: 1}
  m_Children: []
  m_Father: {fileID: 352952462}
  m_RootOrder: 2
  m_LocalEulerAnglesHint: {x: 0, y: 0, z: 0}
--- !u!114 &2030986783
MonoBehaviour:
  m_ObjectHideFlags: 0
  m_PrefabParentObject: {fileID: 114768509763775302, guid: 7c5ddd695995823419edc25994434412,
    type: 2}
  m_PrefabInternal: {fileID: 0}
  m_GameObject: {fileID: 2030986781}
  m_Enabled: 1
  m_EditorHideFlags: 0
  m_Script: {fileID: 11500000, guid: 31aaa318fd9af90428714cd0ebc95d99, type: 3}
  m_Name: 
  m_EditorClassIdentifier: 
  LeftAction: 0
  RightAction: 1
  Name: Unknown
  InteractText: Unknown Interacttext
  ListenText: Unknown Listentext
  UnlockKey: 
  IsInteractable: 1
  MaxInteractDistance: 2.5
  FailMessage: []
  headSprite: {fileID: 0}
  textSpeed: 0.04
  cancelDistance: 20
  dialogueFlow: []
  playerLeaveLines: []
  playerReturnLines: []
  playerTooLongLines: []
  Followup: {fileID: 0}
  Voice: {fileID: 0}
  textColor: {r: 0, g: 0, b: 0, a: 255}
  tonePitch: 1
--- !u!114 &2030986784
MonoBehaviour:
  m_ObjectHideFlags: 0
  m_PrefabParentObject: {fileID: 114553112521206298, guid: 7c5ddd695995823419edc25994434412,
    type: 2}
  m_PrefabInternal: {fileID: 0}
  m_GameObject: {fileID: 2030986781}
  m_Enabled: 1
  m_EditorHideFlags: 0
  m_Script: {fileID: 11500000, guid: 145dc749e209caa4dae684bfe5a7393c, type: 3}
  m_Name: 
  m_EditorClassIdentifier: 
  DialogId: 
  HeadSprite: {fileID: 21300000, guid: 572912f145bc77e4f8da5240a4245361, type: 3}
  dialogueFlow:
  - Okay, I think I'm ready to face the city...
  Name: Zache
  FollowUp: {fileID: 0}
  IsStart: 1
  DisplayName: Wrong Sound
  Voice: {fileID: 0}
  textColor: {r: 0, g: 0, b: 0, a: 255}
  tonePitch: 1.2
  MaxInteractDistance: 2.5
--- !u!61 &2030986785
BoxCollider2D:
  m_ObjectHideFlags: 0
  m_PrefabParentObject: {fileID: 61763770439269834, guid: 7c5ddd695995823419edc25994434412,
    type: 2}
  m_PrefabInternal: {fileID: 0}
  m_GameObject: {fileID: 2030986781}
  m_Enabled: 1
  m_Density: 1
  m_Material: {fileID: 0}
  m_IsTrigger: 0
  m_UsedByEffector: 0
  m_Offset: {x: 0, y: 0}
  serializedVersion: 2
  m_Size: {x: 1, y: 1}
--- !u!1 &2035516506
GameObject:
  m_ObjectHideFlags: 0
  m_PrefabParentObject: {fileID: 0}
  m_PrefabInternal: {fileID: 0}
  serializedVersion: 5
  m_Component:
  - component: {fileID: 2035516509}
  - component: {fileID: 2035516508}
  - component: {fileID: 2035516507}
  m_Layer: 0
  m_Name: Interactable_Photos
  m_TagString: Untagged
  m_Icon: {fileID: 0}
  m_NavMeshLayer: 0
  m_StaticEditorFlags: 0
  m_IsActive: 1
--- !u!114 &2035516507
MonoBehaviour:
  m_ObjectHideFlags: 0
  m_PrefabParentObject: {fileID: 0}
  m_PrefabInternal: {fileID: 0}
  m_GameObject: {fileID: 2035516506}
  m_Enabled: 1
  m_EditorHideFlags: 0
  m_Script: {fileID: 11500000, guid: 145dc749e209caa4dae684bfe5a7393c, type: 3}
  m_Name: 
  m_EditorClassIdentifier: 
  DialogId: 
  HeadSprite: {fileID: 21300000, guid: 572912f145bc77e4f8da5240a4245361, type: 3}
  dialogueFlow:
  - My favorite photographs of Granna, Charani and Lel, and a group shot of the entire
    Clan.
  Name: Zache
  FollowUp: {fileID: 0}
  IsStart: 1
  DisplayName: Photographs
  Voice: {fileID: 0}
  textColor: {r: 0, g: 0, b: 0, a: 255}
  tonePitch: 1.2
  MaxInteractDistance: 5
--- !u!61 &2035516508
BoxCollider2D:
  m_ObjectHideFlags: 0
  m_PrefabParentObject: {fileID: 0}
  m_PrefabInternal: {fileID: 0}
  m_GameObject: {fileID: 2035516506}
  m_Enabled: 1
  m_Density: 1
  m_Material: {fileID: 0}
  m_IsTrigger: 0
  m_UsedByEffector: 0
  m_Offset: {x: 0, y: 0}
  serializedVersion: 2
  m_Size: {x: 1, y: 1}
--- !u!4 &2035516509
Transform:
  m_ObjectHideFlags: 0
  m_PrefabParentObject: {fileID: 0}
  m_PrefabInternal: {fileID: 0}
  m_GameObject: {fileID: 2035516506}
  m_LocalRotation: {x: -0, y: -0, z: -0, w: 1}
  m_LocalPosition: {x: 11.12, y: 4.49, z: 0}
  m_LocalScale: {x: 1.44, y: 1.73, z: 0.81}
  m_Children: []
  m_Father: {fileID: 1489300283}
  m_RootOrder: 2
  m_LocalEulerAnglesHint: {x: 0, y: 0, z: 0}
--- !u!1001 &2064349069
Prefab:
  m_ObjectHideFlags: 0
  serializedVersion: 2
  m_Modification:
    m_TransformParent: {fileID: 0}
    m_Modifications:
    - target: {fileID: 4714219945913460, guid: db48434825b1e5f4c9cef7cdea6b9fe6, type: 2}
      propertyPath: m_LocalPosition.x
      value: 12.8
      objectReference: {fileID: 0}
    - target: {fileID: 4714219945913460, guid: db48434825b1e5f4c9cef7cdea6b9fe6, type: 2}
      propertyPath: m_LocalPosition.y
      value: 3.26
      objectReference: {fileID: 0}
    - target: {fileID: 4714219945913460, guid: db48434825b1e5f4c9cef7cdea6b9fe6, type: 2}
      propertyPath: m_LocalPosition.z
      value: -0.2022934
      objectReference: {fileID: 0}
    - target: {fileID: 4714219945913460, guid: db48434825b1e5f4c9cef7cdea6b9fe6, type: 2}
      propertyPath: m_LocalRotation.x
      value: -0
      objectReference: {fileID: 0}
    - target: {fileID: 4714219945913460, guid: db48434825b1e5f4c9cef7cdea6b9fe6, type: 2}
      propertyPath: m_LocalRotation.y
      value: -0
      objectReference: {fileID: 0}
    - target: {fileID: 4714219945913460, guid: db48434825b1e5f4c9cef7cdea6b9fe6, type: 2}
      propertyPath: m_LocalRotation.z
      value: -0
      objectReference: {fileID: 0}
    - target: {fileID: 4714219945913460, guid: db48434825b1e5f4c9cef7cdea6b9fe6, type: 2}
      propertyPath: m_LocalRotation.w
      value: 1
      objectReference: {fileID: 0}
    - target: {fileID: 4714219945913460, guid: db48434825b1e5f4c9cef7cdea6b9fe6, type: 2}
      propertyPath: m_RootOrder
      value: 4
      objectReference: {fileID: 0}
    - target: {fileID: 61127150173865132, guid: db48434825b1e5f4c9cef7cdea6b9fe6,
        type: 2}
      propertyPath: m_Size.y
      value: 0.86
      objectReference: {fileID: 0}
    - target: {fileID: 61127150173865132, guid: db48434825b1e5f4c9cef7cdea6b9fe6,
        type: 2}
      propertyPath: m_Offset.y
      value: -0.12
      objectReference: {fileID: 0}
    m_RemovedComponents: []
  m_ParentPrefab: {fileID: 100100000, guid: db48434825b1e5f4c9cef7cdea6b9fe6, type: 2}
  m_IsPrefabParent: 0
