%YAML 1.1
%TAG !u! tag:unity3d.com,2011:
--- !u!29 &1
OcclusionCullingSettings:
  m_ObjectHideFlags: 0
  serializedVersion: 2
  m_OcclusionBakeSettings:
    smallestOccluder: 5
    smallestHole: 0.25
    backfaceThreshold: 100
  m_SceneGUID: 00000000000000000000000000000000
  m_OcclusionCullingData: {fileID: 0}
--- !u!104 &2
RenderSettings:
  m_ObjectHideFlags: 0
  serializedVersion: 7
  m_Fog: 0
  m_FogColor: {r: 0.5, g: 0.5, b: 0.5, a: 1}
  m_FogMode: 3
  m_FogDensity: 0.01
  m_LinearFogStart: 0
  m_LinearFogEnd: 300
  m_AmbientSkyColor: {r: 0.212, g: 0.227, b: 0.259, a: 1}
  m_AmbientEquatorColor: {r: 0.114, g: 0.125, b: 0.133, a: 1}
  m_AmbientGroundColor: {r: 0.047, g: 0.043, b: 0.035, a: 1}
  m_AmbientIntensity: 1
  m_AmbientMode: 0
  m_SkyboxMaterial: {fileID: 10304, guid: 0000000000000000f000000000000000, type: 0}
  m_HaloStrength: 0.5
  m_FlareStrength: 1
  m_FlareFadeSpeed: 3
  m_HaloTexture: {fileID: 0}
  m_SpotCookie: {fileID: 10001, guid: 0000000000000000e000000000000000, type: 0}
  m_DefaultReflectionMode: 0
  m_DefaultReflectionResolution: 128
  m_ReflectionBounces: 1
  m_ReflectionIntensity: 1
  m_CustomReflection: {fileID: 0}
  m_Sun: {fileID: 0}
  m_IndirectSpecularColor: {r: 0.37311947, g: 0.38074005, b: 0.35872722, a: 1}
--- !u!157 &3
LightmapSettings:
  m_ObjectHideFlags: 0
  serializedVersion: 7
  m_GIWorkflowMode: 0
  m_GISettings:
    serializedVersion: 2
    m_BounceScale: 1
    m_IndirectOutputScale: 1
    m_AlbedoBoost: 1
    m_TemporalCoherenceThreshold: 1
    m_EnvironmentLightingMode: 0
    m_EnableBakedLightmaps: 1
    m_EnableRealtimeLightmaps: 1
  m_LightmapEditorSettings:
    serializedVersion: 4
    m_Resolution: 2
    m_BakeResolution: 40
    m_TextureWidth: 1024
    m_TextureHeight: 1024
    m_AO: 0
    m_AOMaxDistance: 1
    m_CompAOExponent: 1
    m_CompAOExponentDirect: 0
    m_Padding: 2
    m_LightmapParameters: {fileID: 0}
    m_LightmapsBakeMode: 1
    m_TextureCompression: 1
    m_DirectLightInLightProbes: 1
    m_FinalGather: 0
    m_FinalGatherFiltering: 1
    m_FinalGatherRayCount: 256
    m_ReflectionCompression: 2
  m_LightingDataAsset: {fileID: 0}
  m_RuntimeCPUUsage: 25
--- !u!196 &4
NavMeshSettings:
  serializedVersion: 2
  m_ObjectHideFlags: 0
  m_BuildSettings:
    serializedVersion: 2
    agentTypeID: 0
    agentRadius: 0.5
    agentHeight: 2
    agentSlope: 45
    agentClimb: 0.4
    ledgeDropHeight: 0
    maxJumpAcrossDistance: 0
    minRegionArea: 2
    manualCellSize: 0
    cellSize: 0.16666667
    accuratePlacement: 0
  m_NavMeshData: {fileID: 0}
--- !u!1 &136960304
GameObject:
  m_ObjectHideFlags: 0
  m_PrefabParentObject: {fileID: 0}
  m_PrefabInternal: {fileID: 0}
  serializedVersion: 5
  m_Component:
  - component: {fileID: 136960308}
  - component: {fileID: 136960307}
  - component: {fileID: 136960306}
  - component: {fileID: 136960305}
  m_Layer: 0
  m_Name: DialogSuccess
  m_TagString: Untagged
  m_Icon: {fileID: 0}
  m_NavMeshLayer: 0
  m_StaticEditorFlags: 0
  m_IsActive: 1
--- !u!114 &136960305
MonoBehaviour:
  m_ObjectHideFlags: 0
  m_PrefabParentObject: {fileID: 0}
  m_PrefabInternal: {fileID: 0}
  m_GameObject: {fileID: 136960304}
  m_Enabled: 1
  m_EditorHideFlags: 0
  m_Script: {fileID: 11500000, guid: 31aaa318fd9af90428714cd0ebc95d99, type: 3}
  m_Name: 
  m_EditorClassIdentifier: 
  LeftAction: 0
  RightAction: 1
  Name: Unknown
  InteractText: Unknown Interacttext
  ListenText: Unknown Listentext
  UnlockKey: 
  IsInteractable: 0
  MaxInteractDistance: 2.5
  FailMessage: []
  headSprite: {fileID: 0}
  textSpeed: 0.04
  cancelDistance: 20
  dialogueFlow: []
  playerLeaveLines: []
  playerReturnLines: []
  playerTooLongLines: []
  Followup: {fileID: 0}
  Voice: {fileID: 0}
  textColor: {r: 0, g: 0, b: 0, a: 1}
  tonePitch: 1
--- !u!114 &136960306
MonoBehaviour:
  m_ObjectHideFlags: 0
  m_PrefabParentObject: {fileID: 0}
  m_PrefabInternal: {fileID: 0}
  m_GameObject: {fileID: 136960304}
  m_Enabled: 1
  m_EditorHideFlags: 0
  m_Script: {fileID: 11500000, guid: 145dc749e209caa4dae684bfe5a7393c, type: 3}
  m_Name: 
  m_EditorClassIdentifier: 
  DialogId: 
  HeadSprite: {fileID: 21300000, guid: 07d13acd05828734590d5de279d125b1, type: 3}
  dialogueFlow:
  - This reminds me of an example that should be replaced.
  Name: <color="#FFA500">Zache</color>
  FollowUp: {fileID: 0}
  IsStart: 1
  DisplayName: Zache
  Voice: {fileID: 0}
  textColor: {r: 0, g: 0, b: 0, a: 1}
  tonePitch: 1
  MaxInteractDistance: 2.5
--- !u!61 &136960307
BoxCollider2D:
  m_ObjectHideFlags: 0
  m_PrefabParentObject: {fileID: 0}
  m_PrefabInternal: {fileID: 0}
  m_GameObject: {fileID: 136960304}
  m_Enabled: 0
  m_Density: 1
  m_Material: {fileID: 0}
  m_IsTrigger: 0
  m_UsedByEffector: 0
  m_Offset: {x: 0, y: 0}
  serializedVersion: 2
  m_Size: {x: 0.0001, y: 0.0001}
--- !u!4 &136960308
Transform:
  m_ObjectHideFlags: 0
  m_PrefabParentObject: {fileID: 0}
  m_PrefabInternal: {fileID: 0}
  m_GameObject: {fileID: 136960304}
  m_LocalRotation: {x: -0, y: -0, z: -0, w: 1}
  m_LocalPosition: {x: 0, y: 0, z: 0}
  m_LocalScale: {x: 1, y: 1, z: 1}
  m_Children: []
  m_Father: {fileID: 1064316025}
  m_RootOrder: 1
  m_LocalEulerAnglesHint: {x: 0, y: 0, z: 0}
--- !u!1001 &226932114
Prefab:
  m_ObjectHideFlags: 0
  serializedVersion: 2
  m_Modification:
    m_TransformParent: {fileID: 0}
    m_Modifications:
    - target: {fileID: 114790992519062064, guid: 9ac7ce3c807b044a289a2970a0c90e37,
        type: 2}
      propertyPath: unlockSequence.Array.size
      value: 1
      objectReference: {fileID: 0}
    - target: {fileID: 4551866137465880, guid: 9ac7ce3c807b044a289a2970a0c90e37, type: 2}
      propertyPath: m_LocalPosition.x
      value: 0
      objectReference: {fileID: 0}
    - target: {fileID: 4551866137465880, guid: 9ac7ce3c807b044a289a2970a0c90e37, type: 2}
      propertyPath: m_LocalPosition.y
      value: 0
      objectReference: {fileID: 0}
    - target: {fileID: 4551866137465880, guid: 9ac7ce3c807b044a289a2970a0c90e37, type: 2}
      propertyPath: m_LocalPosition.z
      value: 0
      objectReference: {fileID: 0}
    - target: {fileID: 4551866137465880, guid: 9ac7ce3c807b044a289a2970a0c90e37, type: 2}
      propertyPath: m_LocalRotation.x
      value: 0
      objectReference: {fileID: 0}
    - target: {fileID: 4551866137465880, guid: 9ac7ce3c807b044a289a2970a0c90e37, type: 2}
      propertyPath: m_LocalRotation.y
      value: 0
      objectReference: {fileID: 0}
    - target: {fileID: 4551866137465880, guid: 9ac7ce3c807b044a289a2970a0c90e37, type: 2}
      propertyPath: m_LocalRotation.z
      value: 0
      objectReference: {fileID: 0}
    - target: {fileID: 4551866137465880, guid: 9ac7ce3c807b044a289a2970a0c90e37, type: 2}
      propertyPath: m_LocalRotation.w
      value: 1
      objectReference: {fileID: 0}
    - target: {fileID: 4551866137465880, guid: 9ac7ce3c807b044a289a2970a0c90e37, type: 2}
      propertyPath: m_RootOrder
      value: 0
      objectReference: {fileID: 0}
    - target: {fileID: 114790992519062064, guid: 9ac7ce3c807b044a289a2970a0c90e37,
        type: 2}
      propertyPath: navigationMesh
      value: 
      objectReference: {fileID: 1568305665}
    - target: {fileID: 114790992519062064, guid: 9ac7ce3c807b044a289a2970a0c90e37,
        type: 2}
      propertyPath: unlockSequence.Array.data[1]
      value: 1
      objectReference: {fileID: 0}
    - target: {fileID: 114790992519062064, guid: 9ac7ce3c807b044a289a2970a0c90e37,
        type: 2}
      propertyPath: interactOnSuccess
      value: 
      objectReference: {fileID: 248223776}
    - target: {fileID: 114790992519062064, guid: 9ac7ce3c807b044a289a2970a0c90e37,
        type: 2}
      propertyPath: interactOnFail
      value: 
      objectReference: {fileID: 1573111746}
    m_RemovedComponents: []
  m_ParentPrefab: {fileID: 100100000, guid: 9ac7ce3c807b044a289a2970a0c90e37, type: 2}
  m_IsPrefabParent: 0
--- !u!1 &248223774
GameObject:
  m_ObjectHideFlags: 0
  m_PrefabParentObject: {fileID: 0}
  m_PrefabInternal: {fileID: 0}
  serializedVersion: 5
  m_Component:
  - component: {fileID: 248223775}
  - component: {fileID: 248223778}
  - component: {fileID: 248223777}
  - component: {fileID: 248223776}
  m_Layer: 0
  m_Name: SequenceSuccess
  m_TagString: Untagged
  m_Icon: {fileID: 0}
  m_NavMeshLayer: 0
  m_StaticEditorFlags: 0
  m_IsActive: 1
--- !u!4 &248223775
Transform:
  m_ObjectHideFlags: 0
  m_PrefabParentObject: {fileID: 0}
  m_PrefabInternal: {fileID: 0}
  m_GameObject: {fileID: 248223774}
  m_LocalRotation: {x: 0, y: 0, z: 0, w: 1}
  m_LocalPosition: {x: 6.13, y: 3.695, z: 0}
  m_LocalScale: {x: 1, y: 1, z: 1}
  m_Children: []
  m_Father: {fileID: 0}
  m_RootOrder: 7
  m_LocalEulerAnglesHint: {x: 0, y: 0, z: 0}
--- !u!114 &248223776
MonoBehaviour:
  m_ObjectHideFlags: 0
  m_PrefabParentObject: {fileID: 0}
  m_PrefabInternal: {fileID: 0}
  m_GameObject: {fileID: 248223774}
  m_Enabled: 1
  m_EditorHideFlags: 0
  m_Script: {fileID: 11500000, guid: 31aaa318fd9af90428714cd0ebc95d99, type: 3}
  m_Name: 
  m_EditorClassIdentifier: 
  LeftAction: 0
  RightAction: 1
  Name: Unknown
  InteractText: Unknown Interacttext
  ListenText: Unknown Listentext
  UnlockKey: 
  IsInteractable: 1
  MaxInteractDistance: 2.5
  FailMessage: []
  headSprite: {fileID: 0}
  textSpeed: 0.04
  cancelDistance: 20
  dialogueFlow: []
  playerLeaveLines: []
  playerReturnLines: []
  playerTooLongLines: []
  Followup: {fileID: 0}
  Voice: {fileID: 0}
  textColor: {r: 0, g: 0, b: 0, a: 0}
  tonePitch: 1
--- !u!114 &248223777
MonoBehaviour:
  m_ObjectHideFlags: 0
  m_PrefabParentObject: {fileID: 0}
  m_PrefabInternal: {fileID: 0}
  m_GameObject: {fileID: 248223774}
  m_Enabled: 1
  m_EditorHideFlags: 0
  m_Script: {fileID: 11500000, guid: 145dc749e209caa4dae684bfe5a7393c, type: 3}
  m_Name: 
  m_EditorClassIdentifier: 
  DialogId: 
  HeadSprite: {fileID: 21300000, guid: 572912f145bc77e4f8da5240a4245361, type: 3}
  dialogueFlow:
  - '[PLAY SUCCESS CUTSCENE]'
  Name: 
  FollowUp: {fileID: 0}
  IsStart: 1
  DisplayName: 
  Voice: {fileID: 0}
  textColor: {r: 0, g: 0, b: 0, a: 1}
  tonePitch: 1
  MaxInteractDistance: 2.5
--- !u!61 &248223778
BoxCollider2D:
  m_ObjectHideFlags: 0
  m_PrefabParentObject: {fileID: 0}
  m_PrefabInternal: {fileID: 0}
  m_GameObject: {fileID: 248223774}
  m_Enabled: 0
  m_Density: 1
  m_Material: {fileID: 0}
  m_IsTrigger: 0
  m_UsedByEffector: 0
  m_Offset: {x: 0, y: 0}
  serializedVersion: 2
  m_Size: {x: 1, y: 1}
--- !u!1 &279476242
GameObject:
  m_ObjectHideFlags: 0
  m_PrefabParentObject: {fileID: 0}
  m_PrefabInternal: {fileID: 0}
  serializedVersion: 5
  m_Component:
  - component: {fileID: 279476243}
  - component: {fileID: 279476245}
  - component: {fileID: 279476244}
  m_Layer: 0
  m_Name: CharacterBody
  m_TagString: Untagged
  m_Icon: {fileID: 0}
  m_NavMeshLayer: 0
  m_StaticEditorFlags: 0
  m_IsActive: 1
--- !u!4 &279476243
Transform:
  m_ObjectHideFlags: 0
  m_PrefabParentObject: {fileID: 0}
  m_PrefabInternal: {fileID: 0}
  m_GameObject: {fileID: 279476242}
  m_LocalRotation: {x: -0, y: -0, z: -0, w: 1}
  m_LocalPosition: {x: 0, y: 0, z: 0}
  m_LocalScale: {x: 1, y: 1, z: 1}
  m_Children: []
  m_Father: {fileID: 1796900734}
  m_RootOrder: 0
  m_LocalEulerAnglesHint: {x: 0, y: 0, z: 0}
--- !u!212 &279476244
SpriteRenderer:
  m_ObjectHideFlags: 0
  m_PrefabParentObject: {fileID: 0}
  m_PrefabInternal: {fileID: 0}
  m_GameObject: {fileID: 279476242}
  m_Enabled: 1
  m_CastShadows: 0
  m_ReceiveShadows: 0
  m_MotionVectors: 1
  m_LightProbeUsage: 0
  m_ReflectionProbeUsage: 0
  m_Materials:
  - {fileID: 10754, guid: 0000000000000000f000000000000000, type: 0}
  m_StaticBatchInfo:
    firstSubMesh: 0
    subMeshCount: 0
  m_StaticBatchRoot: {fileID: 0}
  m_ProbeAnchor: {fileID: 0}
  m_LightProbeVolumeOverride: {fileID: 0}
  m_ScaleInLightmap: 1
  m_PreserveUVs: 0
  m_IgnoreNormalsForChartDetection: 0
  m_ImportantGI: 0
  m_SelectedEditorRenderState: 0
  m_MinimumChartSize: 4
  m_AutoUVMaxDistance: 0.5
  m_AutoUVMaxAngle: 89
  m_LightmapParameters: {fileID: 0}
  m_SortingLayerID: 0
  m_SortingOrder: 0
  m_Sprite: {fileID: 21300000, guid: acc2e7e8023e64b66a7dafe010a83188, type: 3}
  m_Color: {r: 1, g: 1, b: 1, a: 1}
  m_FlipX: 0
  m_FlipY: 0
--- !u!95 &279476245
Animator:
  serializedVersion: 3
  m_ObjectHideFlags: 0
  m_PrefabParentObject: {fileID: 0}
  m_PrefabInternal: {fileID: 0}
  m_GameObject: {fileID: 279476242}
  m_Enabled: 1
  m_Avatar: {fileID: 0}
  m_Controller: {fileID: 9100000, guid: cea87dcca6b9c4ffc88219fd5bc69a81, type: 2}
  m_CullingMode: 0
  m_UpdateMode: 0
  m_ApplyRootMotion: 0
  m_LinearVelocityBlending: 0
  m_WarningMessage: 
  m_HasTransformHierarchy: 1
  m_AllowConstantClipSamplingOptimization: 1
--- !u!1 &319777045
GameObject:
  m_ObjectHideFlags: 0
  m_PrefabParentObject: {fileID: 0}
  m_PrefabInternal: {fileID: 0}
  serializedVersion: 5
  m_Component:
  - component: {fileID: 319777046}
  - component: {fileID: 319777047}
  m_Layer: 0
  m_Name: courtyard_room_middle_720
  m_TagString: Untagged
  m_Icon: {fileID: 0}
  m_NavMeshLayer: 0
  m_StaticEditorFlags: 0
  m_IsActive: 1
--- !u!4 &319777046
Transform:
  m_ObjectHideFlags: 0
  m_PrefabParentObject: {fileID: 0}
  m_PrefabInternal: {fileID: 0}
  m_GameObject: {fileID: 319777045}
  m_LocalRotation: {x: -0, y: -0, z: -0, w: 1}
  m_LocalPosition: {x: 0, y: 0, z: 0}
  m_LocalScale: {x: 1, y: 1, z: 1}
  m_Children: []
  m_Father: {fileID: 1206763254}
  m_RootOrder: 1
  m_LocalEulerAnglesHint: {x: 0, y: 0, z: 0}
--- !u!212 &319777047
SpriteRenderer:
  m_ObjectHideFlags: 0
  m_PrefabParentObject: {fileID: 0}
  m_PrefabInternal: {fileID: 0}
  m_GameObject: {fileID: 319777045}
  m_Enabled: 1
  m_CastShadows: 0
  m_ReceiveShadows: 0
  m_MotionVectors: 1
  m_LightProbeUsage: 0
  m_ReflectionProbeUsage: 0
  m_Materials:
  - {fileID: 10754, guid: 0000000000000000f000000000000000, type: 0}
  m_StaticBatchInfo:
    firstSubMesh: 0
    subMeshCount: 0
  m_StaticBatchRoot: {fileID: 0}
  m_ProbeAnchor: {fileID: 0}
  m_LightProbeVolumeOverride: {fileID: 0}
  m_ScaleInLightmap: 1
  m_PreserveUVs: 0
  m_IgnoreNormalsForChartDetection: 0
  m_ImportantGI: 0
  m_SelectedEditorRenderState: 0
  m_MinimumChartSize: 4
  m_AutoUVMaxDistance: 0.5
  m_AutoUVMaxAngle: 89
  m_LightmapParameters: {fileID: 0}
  m_SortingLayerID: 0
  m_SortingOrder: -5
  m_Sprite: {fileID: 21300000, guid: d3a93c14d430844b8b03b7d99ef54fd6, type: 3}
  m_Color: {r: 1, g: 1, b: 1, a: 1}
  m_FlipX: 0
  m_FlipY: 0
--- !u!1 &321539020
GameObject:
  m_ObjectHideFlags: 0
  m_PrefabParentObject: {fileID: 0}
  m_PrefabInternal: {fileID: 0}
  serializedVersion: 5
  m_Component:
  - component: {fileID: 321539024}
  - component: {fileID: 321539023}
  - component: {fileID: 321539022}
  - component: {fileID: 321539021}
  m_Layer: 0
  m_Name: DialogFail
  m_TagString: Untagged
  m_Icon: {fileID: 0}
  m_NavMeshLayer: 0
  m_StaticEditorFlags: 0
  m_IsActive: 1
--- !u!114 &321539021
MonoBehaviour:
  m_ObjectHideFlags: 0
  m_PrefabParentObject: {fileID: 0}
  m_PrefabInternal: {fileID: 0}
  m_GameObject: {fileID: 321539020}
  m_Enabled: 1
  m_EditorHideFlags: 0
  m_Script: {fileID: 11500000, guid: 31aaa318fd9af90428714cd0ebc95d99, type: 3}
  m_Name: 
  m_EditorClassIdentifier: 
  LeftAction: 0
  RightAction: 1
  Name: Unknown
  InteractText: Unknown Interacttext
  ListenText: Unknown Listentext
  UnlockKey: 
  IsInteractable: 0
  MaxInteractDistance: 2.5
  FailMessage: []
  headSprite: {fileID: 0}
  textSpeed: 0.04
  cancelDistance: 20
  dialogueFlow: []
  playerLeaveLines: []
  playerReturnLines: []
  playerTooLongLines: []
  Followup: {fileID: 0}
  Voice: {fileID: 0}
  textColor: {r: 0, g: 0, b: 0, a: 1}
  tonePitch: 1
--- !u!114 &321539022
MonoBehaviour:
  m_ObjectHideFlags: 0
  m_PrefabParentObject: {fileID: 0}
  m_PrefabInternal: {fileID: 0}
  m_GameObject: {fileID: 321539020}
  m_Enabled: 1
  m_EditorHideFlags: 0
  m_Script: {fileID: 11500000, guid: 145dc749e209caa4dae684bfe5a7393c, type: 3}
  m_Name: 
  m_EditorClassIdentifier: 
  DialogId: 
  HeadSprite: {fileID: 21300000, guid: 07d13acd05828734590d5de279d125b1, type: 3}
  dialogueFlow:
  - My tape recorder is full...
  Name: <color="#FFA500">Zache</color>
  FollowUp: {fileID: 0}
  IsStart: 1
  DisplayName: Zache
  Voice: {fileID: 0}
  textColor: {r: 0, g: 0, b: 0, a: 1}
  tonePitch: 1
  MaxInteractDistance: 2.5
--- !u!61 &321539023
BoxCollider2D:
  m_ObjectHideFlags: 0
  m_PrefabParentObject: {fileID: 0}
  m_PrefabInternal: {fileID: 0}
  m_GameObject: {fileID: 321539020}
  m_Enabled: 0
  m_Density: 1
  m_Material: {fileID: 0}
  m_IsTrigger: 0
  m_UsedByEffector: 0
  m_Offset: {x: 0, y: 0}
  serializedVersion: 2
  m_Size: {x: 0.0001, y: 0.0001}
--- !u!4 &321539024
Transform:
  m_ObjectHideFlags: 0
  m_PrefabParentObject: {fileID: 0}
  m_PrefabInternal: {fileID: 0}
  m_GameObject: {fileID: 321539020}
  m_LocalRotation: {x: -0, y: -0, z: -0, w: 1}
  m_LocalPosition: {x: 0, y: 0, z: 0}
  m_LocalScale: {x: 1, y: 1, z: 1}
  m_Children: []
  m_Father: {fileID: 1064316025}
  m_RootOrder: 0
  m_LocalEulerAnglesHint: {x: 0, y: 0, z: 0}
--- !u!1001 &908928637
Prefab:
  m_ObjectHideFlags: 0
  serializedVersion: 2
  m_Modification:
    m_TransformParent: {fileID: 0}
    m_Modifications:
    - target: {fileID: 4278238013442886, guid: 2791b504cf4a7864087dc2899800ec3e, type: 2}
      propertyPath: m_LocalPosition.x
      value: 8.685815
      objectReference: {fileID: 0}
    - target: {fileID: 4278238013442886, guid: 2791b504cf4a7864087dc2899800ec3e, type: 2}
      propertyPath: m_LocalPosition.y
      value: 0.6065757
      objectReference: {fileID: 0}
    - target: {fileID: 4278238013442886, guid: 2791b504cf4a7864087dc2899800ec3e, type: 2}
      propertyPath: m_LocalPosition.z
      value: 42.379295
      objectReference: {fileID: 0}
    - target: {fileID: 4278238013442886, guid: 2791b504cf4a7864087dc2899800ec3e, type: 2}
      propertyPath: m_LocalRotation.x
      value: 0
      objectReference: {fileID: 0}
    - target: {fileID: 4278238013442886, guid: 2791b504cf4a7864087dc2899800ec3e, type: 2}
      propertyPath: m_LocalRotation.y
      value: 0
      objectReference: {fileID: 0}
    - target: {fileID: 4278238013442886, guid: 2791b504cf4a7864087dc2899800ec3e, type: 2}
      propertyPath: m_LocalRotation.z
      value: 0
      objectReference: {fileID: 0}
    - target: {fileID: 4278238013442886, guid: 2791b504cf4a7864087dc2899800ec3e, type: 2}
      propertyPath: m_LocalRotation.w
      value: 1
      objectReference: {fileID: 0}
    - target: {fileID: 4278238013442886, guid: 2791b504cf4a7864087dc2899800ec3e, type: 2}
      propertyPath: m_RootOrder
      value: 2
      objectReference: {fileID: 0}
    m_RemovedComponents: []
  m_ParentPrefab: {fileID: 100100000, guid: 2791b504cf4a7864087dc2899800ec3e, type: 2}
  m_IsPrefabParent: 0
--- !u!1 &1008875681
GameObject:
  m_ObjectHideFlags: 0
  m_PrefabParentObject: {fileID: 0}
  m_PrefabInternal: {fileID: 0}
  serializedVersion: 5
  m_Component:
  - component: {fileID: 1008875682}
  - component: {fileID: 1008875683}
  m_Layer: 0
  m_Name: courtyard_room_base_720
  m_TagString: Untagged
  m_Icon: {fileID: 0}
  m_NavMeshLayer: 0
  m_StaticEditorFlags: 0
  m_IsActive: 1
--- !u!4 &1008875682
Transform:
  m_ObjectHideFlags: 0
  m_PrefabParentObject: {fileID: 0}
  m_PrefabInternal: {fileID: 0}
  m_GameObject: {fileID: 1008875681}
  m_LocalRotation: {x: -0, y: -0, z: -0, w: 1}
  m_LocalPosition: {x: 0, y: 0, z: 0}
  m_LocalScale: {x: 1, y: 1, z: 1}
  m_Children: []
  m_Father: {fileID: 1206763254}
  m_RootOrder: 0
  m_LocalEulerAnglesHint: {x: 0, y: 0, z: 0}
--- !u!212 &1008875683
SpriteRenderer:
  m_ObjectHideFlags: 0
  m_PrefabParentObject: {fileID: 0}
  m_PrefabInternal: {fileID: 0}
  m_GameObject: {fileID: 1008875681}
  m_Enabled: 1
  m_CastShadows: 0
  m_ReceiveShadows: 0
  m_MotionVectors: 1
  m_LightProbeUsage: 0
  m_ReflectionProbeUsage: 0
  m_Materials:
  - {fileID: 10754, guid: 0000000000000000f000000000000000, type: 0}
  m_StaticBatchInfo:
    firstSubMesh: 0
    subMeshCount: 0
  m_StaticBatchRoot: {fileID: 0}
  m_ProbeAnchor: {fileID: 0}
  m_LightProbeVolumeOverride: {fileID: 0}
  m_ScaleInLightmap: 1
  m_PreserveUVs: 0
  m_IgnoreNormalsForChartDetection: 0
  m_ImportantGI: 0
  m_SelectedEditorRenderState: 0
  m_MinimumChartSize: 4
  m_AutoUVMaxDistance: 0.5
  m_AutoUVMaxAngle: 89
  m_LightmapParameters: {fileID: 0}
  m_SortingLayerID: 0
  m_SortingOrder: -100
  m_Sprite: {fileID: 21300000, guid: c76af20c576df489e9f2957aa4c07f3b, type: 3}
  m_Color: {r: 1, g: 1, b: 1, a: 1}
  m_FlipX: 0
  m_FlipY: 0
--- !u!1 &1064316020
GameObject:
  m_ObjectHideFlags: 0
  m_PrefabParentObject: {fileID: 0}
  m_PrefabInternal: {fileID: 0}
  serializedVersion: 5
  m_Component:
  - component: {fileID: 1064316025}
  - component: {fileID: 1064316024}
  - component: {fileID: 1064316023}
  - component: {fileID: 1064316022}
  - component: {fileID: 1064316021}
  m_Layer: 0
  m_Name: Radio2
  m_TagString: Untagged
  m_Icon: {fileID: 0}
  m_NavMeshLayer: 0
  m_StaticEditorFlags: 0
  m_IsActive: 1
--- !u!82 &1064316021
AudioSource:
  m_ObjectHideFlags: 0
  m_PrefabParentObject: {fileID: 0}
  m_PrefabInternal: {fileID: 0}
  m_GameObject: {fileID: 1064316020}
  m_Enabled: 1
  serializedVersion: 4
  OutputAudioMixerGroup: {fileID: 0}
  m_audioClip: {fileID: 0}
  m_PlayOnAwake: 1
  m_Volume: 1
  m_Pitch: 1
  Loop: 0
  Mute: 0
  Spatialize: 0
  SpatializePostEffects: 0
  Priority: 128
  DopplerLevel: 1
  MinDistance: 1
  MaxDistance: 500
  Pan2D: 0
  rolloffMode: 0
  BypassEffects: 0
  BypassListenerEffects: 0
  BypassReverbZones: 0
  rolloffCustomCurve:
    serializedVersion: 2
    m_Curve:
    - serializedVersion: 2
      time: 0
      value: 1
      inSlope: 0
      outSlope: 0
      tangentMode: 0
    - serializedVersion: 2
      time: 1
      value: 0
      inSlope: 0
      outSlope: 0
      tangentMode: 0
    m_PreInfinity: 2
    m_PostInfinity: 2
    m_RotationOrder: 4
  panLevelCustomCurve:
    serializedVersion: 2
    m_Curve:
    - serializedVersion: 2
      time: 0
      value: 0
      inSlope: 0
      outSlope: 0
      tangentMode: 0
    m_PreInfinity: 2
    m_PostInfinity: 2
    m_RotationOrder: 0
  spreadCustomCurve:
    serializedVersion: 2
    m_Curve:
    - serializedVersion: 2
      time: 0
      value: 0
      inSlope: 0
      outSlope: 0
      tangentMode: 0
    m_PreInfinity: 2
    m_PostInfinity: 2
    m_RotationOrder: 4
  reverbZoneMixCustomCurve:
    serializedVersion: 2
    m_Curve:
    - serializedVersion: 2
      time: 0
      value: 1
      inSlope: 0
      outSlope: 0
      tangentMode: 0
    m_PreInfinity: 2
    m_PostInfinity: 2
    m_RotationOrder: 0
--- !u!114 &1064316022
MonoBehaviour:
  m_ObjectHideFlags: 0
  m_PrefabParentObject: {fileID: 0}
  m_PrefabInternal: {fileID: 0}
  m_GameObject: {fileID: 1064316020}
  m_Enabled: 1
  m_EditorHideFlags: 0
  m_Script: {fileID: 11500000, guid: c7bea740285cf49b3ae020f982d3635a, type: 3}
  m_Name: 
  m_EditorClassIdentifier: 
  LeftAction: 0
  RightAction: 1
  Name: Unknown
  InteractText: Unknown Interacttext
  ListenText: Unknown Listentext
  UnlockKey: 
  IsInteractable: 1
  MaxInteractDistance: 2.5
  FailMessage: []
  item:
    type: 1
    icon: {fileID: 21300000, guid: 571e41c53c1d644c5ab032f5a8076ebb, type: 3}
    displayName: Example Item
    description: An example item used for showing how to do items and sequences.
    sound: {fileID: 8300000, guid: 84edc4a3332ef3443a82eb1b370812b9, type: 3}
  nextSuccess: {fileID: 136960305}
  nextFail: {fileID: 321539021}
--- !u!61 &1064316023
BoxCollider2D:
  m_ObjectHideFlags: 0
  m_PrefabParentObject: {fileID: 0}
  m_PrefabInternal: {fileID: 0}
  m_GameObject: {fileID: 1064316020}
  m_Enabled: 1
  m_Density: 1
  m_Material: {fileID: 0}
  m_IsTrigger: 0
  m_UsedByEffector: 0
  m_Offset: {x: 0.0074310303, y: 0.4421842}
  serializedVersion: 2
  m_Size: {x: 1.1486335, y: 0.8587986}
--- !u!212 &1064316024
SpriteRenderer:
  m_ObjectHideFlags: 0
  m_PrefabParentObject: {fileID: 0}
  m_PrefabInternal: {fileID: 0}
  m_GameObject: {fileID: 1064316020}
  m_Enabled: 1
  m_CastShadows: 0
  m_ReceiveShadows: 0
  m_MotionVectors: 1
  m_LightProbeUsage: 0
  m_ReflectionProbeUsage: 0
  m_Materials:
  - {fileID: 10754, guid: 0000000000000000f000000000000000, type: 0}
  m_StaticBatchInfo:
    firstSubMesh: 0
    subMeshCount: 0
  m_StaticBatchRoot: {fileID: 0}
  m_ProbeAnchor: {fileID: 0}
  m_LightProbeVolumeOverride: {fileID: 0}
  m_ScaleInLightmap: 1
  m_PreserveUVs: 0
  m_IgnoreNormalsForChartDetection: 0
  m_ImportantGI: 0
  m_SelectedEditorRenderState: 0
  m_MinimumChartSize: 4
  m_AutoUVMaxDistance: 0.5
  m_AutoUVMaxAngle: 89
  m_LightmapParameters: {fileID: 0}
  m_SortingLayerID: 0
  m_SortingOrder: 0
  m_Sprite: {fileID: 21300000, guid: 571e41c53c1d644c5ab032f5a8076ebb, type: 3}
  m_Color: {r: 1, g: 1, b: 1, a: 1}
  m_FlipX: 0
  m_FlipY: 0
--- !u!4 &1064316025
Transform:
  m_ObjectHideFlags: 0
  m_PrefabParentObject: {fileID: 0}
  m_PrefabInternal: {fileID: 0}
  m_GameObject: {fileID: 1064316020}
  m_LocalRotation: {x: 0, y: 0, z: 0, w: 1}
  m_LocalPosition: {x: 4.19, y: 1.45, z: 0}
  m_LocalScale: {x: 1, y: 1, z: 1}
  m_Children:
  - {fileID: 321539024}
  - {fileID: 136960308}
  m_Father: {fileID: 0}
  m_RootOrder: 6
  m_LocalEulerAnglesHint: {x: 0, y: 0, z: 0}
--- !u!1 &1206763253
GameObject:
  m_ObjectHideFlags: 0
  m_PrefabParentObject: {fileID: 0}
  m_PrefabInternal: {fileID: 0}
  serializedVersion: 5
  m_Component:
  - component: {fileID: 1206763254}
  - component: {fileID: 1206763256}
  - component: {fileID: 1206763255}
  m_Layer: 0
  m_Name: Background
  m_TagString: Untagged
  m_Icon: {fileID: 0}
  m_NavMeshLayer: 0
  m_StaticEditorFlags: 0
  m_IsActive: 1
--- !u!4 &1206763254
Transform:
  m_ObjectHideFlags: 0
  m_PrefabParentObject: {fileID: 0}
  m_PrefabInternal: {fileID: 0}
  m_GameObject: {fileID: 1206763253}
  m_LocalRotation: {x: 0, y: 0, z: 0, w: 1}
  m_LocalPosition: {x: 7.25, y: 0, z: 0}
  m_LocalScale: {x: 1, y: 1, z: 1}
  m_Children:
  - {fileID: 1008875682}
  - {fileID: 319777046}
  - {fileID: 1440753283}
  - {fileID: 1568305664}
  m_Father: {fileID: 0}
  m_RootOrder: 3
  m_LocalEulerAnglesHint: {x: 0, y: 0, z: 0}
--- !u!95 &1206763255
Animator:
  serializedVersion: 3
  m_ObjectHideFlags: 0
  m_PrefabParentObject: {fileID: 0}
  m_PrefabInternal: {fileID: 0}
  m_GameObject: {fileID: 1206763253}
  m_Enabled: 1
  m_Avatar: {fileID: 0}
  m_Controller: {fileID: 0}
  m_CullingMode: 0
  m_UpdateMode: 0
  m_ApplyRootMotion: 0
  m_LinearVelocityBlending: 0
  m_WarningMessage: 
  m_HasTransformHierarchy: 1
  m_AllowConstantClipSamplingOptimization: 1
--- !u!212 &1206763256
SpriteRenderer:
  m_ObjectHideFlags: 0
  m_PrefabParentObject: {fileID: 0}
  m_PrefabInternal: {fileID: 0}
  m_GameObject: {fileID: 1206763253}
  m_Enabled: 1
  m_CastShadows: 0
  m_ReceiveShadows: 0
  m_MotionVectors: 1
  m_LightProbeUsage: 0
  m_ReflectionProbeUsage: 0
  m_Materials:
  - {fileID: 10754, guid: 0000000000000000f000000000000000, type: 0}
  m_StaticBatchInfo:
    firstSubMesh: 0
    subMeshCount: 0
  m_StaticBatchRoot: {fileID: 0}
  m_ProbeAnchor: {fileID: 0}
  m_LightProbeVolumeOverride: {fileID: 0}
  m_ScaleInLightmap: 1
  m_PreserveUVs: 0
  m_IgnoreNormalsForChartDetection: 0
  m_ImportantGI: 0
  m_SelectedEditorRenderState: 0
  m_MinimumChartSize: 4
  m_AutoUVMaxDistance: 0.5
  m_AutoUVMaxAngle: 89
  m_LightmapParameters: {fileID: 0}
  m_SortingLayerID: 0
  m_SortingOrder: 0
  m_Sprite: {fileID: 0}
  m_Color: {r: 1, g: 1, b: 1, a: 1}
  m_FlipX: 0
  m_FlipY: 0
--- !u!1 &1269082680
GameObject:
  m_ObjectHideFlags: 0
  m_PrefabParentObject: {fileID: 0}
  m_PrefabInternal: {fileID: 0}
  serializedVersion: 5
  m_Component:
  - component: {fileID: 1269082682}
  - component: {fileID: 1269082681}
  - component: {fileID: 1269082684}
  - component: {fileID: 1269082683}
  - component: {fileID: 1269082685}
  m_Layer: 0
  m_Name: Radio
  m_TagString: Untagged
  m_Icon: {fileID: 0}
  m_NavMeshLayer: 0
  m_StaticEditorFlags: 0
  m_IsActive: 1
--- !u!212 &1269082681
SpriteRenderer:
  m_ObjectHideFlags: 0
  m_PrefabParentObject: {fileID: 0}
  m_PrefabInternal: {fileID: 0}
  m_GameObject: {fileID: 1269082680}
  m_Enabled: 1
  m_CastShadows: 0
  m_ReceiveShadows: 0
  m_MotionVectors: 1
  m_LightProbeUsage: 0
  m_ReflectionProbeUsage: 0
  m_Materials:
  - {fileID: 10754, guid: 0000000000000000f000000000000000, type: 0}
  m_StaticBatchInfo:
    firstSubMesh: 0
    subMeshCount: 0
  m_StaticBatchRoot: {fileID: 0}
  m_ProbeAnchor: {fileID: 0}
  m_LightProbeVolumeOverride: {fileID: 0}
  m_ScaleInLightmap: 1
  m_PreserveUVs: 0
  m_IgnoreNormalsForChartDetection: 0
  m_ImportantGI: 0
  m_SelectedEditorRenderState: 0
  m_MinimumChartSize: 4
  m_AutoUVMaxDistance: 0.5
  m_AutoUVMaxAngle: 89
  m_LightmapParameters: {fileID: 0}
  m_SortingLayerID: 0
  m_SortingOrder: 0
  m_Sprite: {fileID: 21300000, guid: 8d92bad0c49e2410baf9753b4ff27ff2, type: 3}
  m_Color: {r: 1, g: 1, b: 1, a: 1}
  m_FlipX: 0
  m_FlipY: 0
--- !u!4 &1269082682
Transform:
  m_ObjectHideFlags: 0
  m_PrefabParentObject: {fileID: 0}
  m_PrefabInternal: {fileID: 0}
  m_GameObject: {fileID: 1269082680}
  m_LocalRotation: {x: 0, y: 0, z: 0, w: 1}
  m_LocalPosition: {x: 6.309, y: 2.458, z: 0}
  m_LocalScale: {x: 1, y: 1, z: 1}
  m_Children:
  - {fileID: 1983826058}
  - {fileID: 1419719360}
  m_Father: {fileID: 0}
  m_RootOrder: 5
  m_LocalEulerAnglesHint: {x: 0, y: 0, z: 0}
--- !u!114 &1269082683
MonoBehaviour:
  m_ObjectHideFlags: 0
  m_PrefabParentObject: {fileID: 0}
  m_PrefabInternal: {fileID: 0}
  m_GameObject: {fileID: 1269082680}
  m_Enabled: 1
  m_EditorHideFlags: 0
  m_Script: {fileID: 11500000, guid: c7bea740285cf49b3ae020f982d3635a, type: 3}
  m_Name: 
  m_EditorClassIdentifier: 
  LeftAction: 0
  RightAction: 1
  Name: Unknown
  InteractText: Unknown Interacttext
  ListenText: Unknown Listentext
  UnlockKey: 
  IsInteractable: 1
  MaxInteractDistance: 2.5
  FailMessage: []
  item:
    type: 0
    icon: {fileID: 21300000, guid: 8d92bad0c49e2410baf9753b4ff27ff2, type: 3}
    displayName: Radio Static
    description: Buzz Buzz Buzz
    sound: {fileID: 8300000, guid: a7f69dad867643949919c50c7c0deff8, type: 3}
  nextSuccess: {fileID: 1419719361}
  nextFail: {fileID: 1983826061}
--- !u!61 &1269082684
BoxCollider2D:
  m_ObjectHideFlags: 0
  m_PrefabParentObject: {fileID: 0}
  m_PrefabInternal: {fileID: 0}
  m_GameObject: {fileID: 1269082680}
  m_Enabled: 1
  m_Density: 1
  m_Material: {fileID: 0}
  m_IsTrigger: 0
  m_UsedByEffector: 0
  m_Offset: {x: 0.0074310303, y: 0.4421842}
  serializedVersion: 2
  m_Size: {x: 1.1486335, y: 0.8587986}
--- !u!82 &1269082685
AudioSource:
  m_ObjectHideFlags: 0
  m_PrefabParentObject: {fileID: 0}
  m_PrefabInternal: {fileID: 0}
  m_GameObject: {fileID: 1269082680}
  m_Enabled: 1
  serializedVersion: 4
  OutputAudioMixerGroup: {fileID: 0}
  m_audioClip: {fileID: 0}
  m_PlayOnAwake: 1
  m_Volume: 1
  m_Pitch: 1
  Loop: 0
  Mute: 0
  Spatialize: 0
  SpatializePostEffects: 0
  Priority: 128
  DopplerLevel: 1
  MinDistance: 1
  MaxDistance: 500
  Pan2D: 0
  rolloffMode: 0
  BypassEffects: 0
  BypassListenerEffects: 0
  BypassReverbZones: 0
  rolloffCustomCurve:
    serializedVersion: 2
    m_Curve:
    - serializedVersion: 2
      time: 0
      value: 1
      inSlope: 0
      outSlope: 0
      tangentMode: 0
    - serializedVersion: 2
      time: 1
      value: 0
      inSlope: 0
      outSlope: 0
      tangentMode: 0
    m_PreInfinity: 2
    m_PostInfinity: 2
    m_RotationOrder: 4
  panLevelCustomCurve:
    serializedVersion: 2
    m_Curve:
    - serializedVersion: 2
      time: 0
      value: 0
      inSlope: 0
      outSlope: 0
      tangentMode: 0
    m_PreInfinity: 2
    m_PostInfinity: 2
    m_RotationOrder: 0
  spreadCustomCurve:
    serializedVersion: 2
    m_Curve:
    - serializedVersion: 2
      time: 0
      value: 0
      inSlope: 0
      outSlope: 0
      tangentMode: 0
    m_PreInfinity: 2
    m_PostInfinity: 2
    m_RotationOrder: 4
  reverbZoneMixCustomCurve:
    serializedVersion: 2
    m_Curve:
    - serializedVersion: 2
      time: 0
      value: 1
      inSlope: 0
      outSlope: 0
      tangentMode: 0
    m_PreInfinity: 2
    m_PostInfinity: 2
    m_RotationOrder: 0
--- !u!1 &1419719359
GameObject:
  m_ObjectHideFlags: 0
  m_PrefabParentObject: {fileID: 0}
  m_PrefabInternal: {fileID: 0}
  serializedVersion: 5
  m_Component:
  - component: {fileID: 1419719360}
  - component: {fileID: 1419719363}
  - component: {fileID: 1419719362}
  - component: {fileID: 1419719361}
  m_Layer: 0
  m_Name: DialogSuccess
  m_TagString: Untagged
  m_Icon: {fileID: 0}
  m_NavMeshLayer: 0
  m_StaticEditorFlags: 0
  m_IsActive: 1
--- !u!4 &1419719360
Transform:
  m_ObjectHideFlags: 0
  m_PrefabParentObject: {fileID: 0}
  m_PrefabInternal: {fileID: 0}
  m_GameObject: {fileID: 1419719359}
  m_LocalRotation: {x: -0, y: -0, z: -0, w: 1}
  m_LocalPosition: {x: 0, y: 0, z: 0}
  m_LocalScale: {x: 1, y: 1, z: 1}
  m_Children: []
  m_Father: {fileID: 1269082682}
  m_RootOrder: 1
  m_LocalEulerAnglesHint: {x: 0, y: 0, z: 0}
--- !u!114 &1419719361
MonoBehaviour:
  m_ObjectHideFlags: 0
  m_PrefabParentObject: {fileID: 0}
  m_PrefabInternal: {fileID: 0}
  m_GameObject: {fileID: 1419719359}
  m_Enabled: 1
  m_EditorHideFlags: 0
  m_Script: {fileID: 11500000, guid: 31aaa318fd9af90428714cd0ebc95d99, type: 3}
  m_Name: 
  m_EditorClassIdentifier: 
  LeftAction: 0
  RightAction: 1
  Name: Unknown
  InteractText: Unknown Interacttext
  ListenText: Unknown Listentext
  UnlockKey: 
  IsInteractable: 0
  MaxInteractDistance: 2.5
  FailMessage: []
  headSprite: {fileID: 0}
  textSpeed: 0.04
  cancelDistance: 20
  dialogueFlow: []
  playerLeaveLines: []
  playerReturnLines: []
  playerTooLongLines: []
  Followup: {fileID: 0}
  Voice: {fileID: 0}
  textColor: {r: 0, g: 0, b: 0, a: 1}
  tonePitch: 1
--- !u!114 &1419719362
MonoBehaviour:
  m_ObjectHideFlags: 0
  m_PrefabParentObject: {fileID: 0}
  m_PrefabInternal: {fileID: 0}
  m_GameObject: {fileID: 1419719359}
  m_Enabled: 1
  m_EditorHideFlags: 0
  m_Script: {fileID: 11500000, guid: 145dc749e209caa4dae684bfe5a7393c, type: 3}
  m_Name: 
  m_EditorClassIdentifier: 
  DialogId: 
  HeadSprite: {fileID: 21300000, guid: 07d13acd05828734590d5de279d125b1, type: 3}
  dialogueFlow:
  - Reminds me of the wind...
  Name: <color="#FFA500">Zache</color>
  FollowUp: {fileID: 0}
  IsStart: 1
  DisplayName: Zache
  Voice: {fileID: 0}
  textColor: {r: 0, g: 0, b: 0, a: 1}
  tonePitch: 1
  MaxInteractDistance: 2.5
--- !u!61 &1419719363
BoxCollider2D:
  m_ObjectHideFlags: 0
  m_PrefabParentObject: {fileID: 0}
  m_PrefabInternal: {fileID: 0}
  m_GameObject: {fileID: 1419719359}
  m_Enabled: 0
  m_Density: 1
  m_Material: {fileID: 0}
  m_IsTrigger: 0
  m_UsedByEffector: 0
  m_Offset: {x: 0, y: 0}
  serializedVersion: 2
  m_Size: {x: 0.0001, y: 0.0001}
--- !u!1 &1440753282
GameObject:
  m_ObjectHideFlags: 0
  m_PrefabParentObject: {fileID: 0}
  m_PrefabInternal: {fileID: 0}
  serializedVersion: 5
  m_Component:
  - component: {fileID: 1440753283}
  - component: {fileID: 1440753284}
  m_Layer: 0
  m_Name: courtyard_room_front_720
  m_TagString: Untagged
  m_Icon: {fileID: 0}
  m_NavMeshLayer: 0
  m_StaticEditorFlags: 0
  m_IsActive: 1
--- !u!4 &1440753283
Transform:
  m_ObjectHideFlags: 0
  m_PrefabParentObject: {fileID: 0}
  m_PrefabInternal: {fileID: 0}
  m_GameObject: {fileID: 1440753282}
  m_LocalRotation: {x: -0, y: -0, z: -0, w: 1}
  m_LocalPosition: {x: 0, y: 0, z: 0}
  m_LocalScale: {x: 1, y: 1, z: 1}
  m_Children: []
  m_Father: {fileID: 1206763254}
  m_RootOrder: 2
  m_LocalEulerAnglesHint: {x: 0, y: 0, z: 0}
--- !u!212 &1440753284
SpriteRenderer:
  m_ObjectHideFlags: 0
  m_PrefabParentObject: {fileID: 0}
  m_PrefabInternal: {fileID: 0}
  m_GameObject: {fileID: 1440753282}
  m_Enabled: 1
  m_CastShadows: 0
  m_ReceiveShadows: 0
  m_MotionVectors: 1
  m_LightProbeUsage: 0
  m_ReflectionProbeUsage: 0
  m_Materials:
  - {fileID: 10754, guid: 0000000000000000f000000000000000, type: 0}
  m_StaticBatchInfo:
    firstSubMesh: 0
    subMeshCount: 0
  m_StaticBatchRoot: {fileID: 0}
  m_ProbeAnchor: {fileID: 0}
  m_LightProbeVolumeOverride: {fileID: 0}
  m_ScaleInLightmap: 1
  m_PreserveUVs: 0
  m_IgnoreNormalsForChartDetection: 0
  m_ImportantGI: 0
  m_SelectedEditorRenderState: 0
  m_MinimumChartSize: 4
  m_AutoUVMaxDistance: 0.5
  m_AutoUVMaxAngle: 89
  m_LightmapParameters: {fileID: 0}
  m_SortingLayerID: 0
  m_SortingOrder: 5
  m_Sprite: {fileID: 21300000, guid: dd9fe2714ec4c4d2d94faca3f27c5e17, type: 3}
  m_Color: {r: 1, g: 1, b: 1, a: 1}
  m_FlipX: 0
  m_FlipY: 0
--- !u!1 &1568305663
GameObject:
  m_ObjectHideFlags: 0
  m_PrefabParentObject: {fileID: 0}
  m_PrefabInternal: {fileID: 0}
  serializedVersion: 5
  m_Component:
  - component: {fileID: 1568305664}
  - component: {fileID: 1568305665}
  m_Layer: 0
  m_Name: NavigationMesh
  m_TagString: Untagged
  m_Icon: {fileID: 0}
  m_NavMeshLayer: 0
  m_StaticEditorFlags: 0
  m_IsActive: 1
--- !u!4 &1568305664
Transform:
  m_ObjectHideFlags: 0
  m_PrefabParentObject: {fileID: 0}
  m_PrefabInternal: {fileID: 0}
  m_GameObject: {fileID: 1568305663}
  m_LocalRotation: {x: 0, y: 0, z: 0, w: 1}
  m_LocalPosition: {x: 0, y: 0, z: 0}
  m_LocalScale: {x: 1, y: 1, z: 1}
  m_Children: []
  m_Father: {fileID: 1206763254}
  m_RootOrder: 3
  m_LocalEulerAnglesHint: {x: 0, y: 0, z: 0}
--- !u!114 &1568305665
MonoBehaviour:
  m_ObjectHideFlags: 0
  m_PrefabParentObject: {fileID: 0}
  m_PrefabInternal: {fileID: 0}
  m_GameObject: {fileID: 1568305663}
  m_Enabled: 1
  m_EditorHideFlags: 0
  m_Script: {fileID: 11500000, guid: 7096b590558cf40369f939059248f262, type: 3}
  m_Name: 
  m_EditorClassIdentifier: 
  dims:
    x: 0
    y: 0
  areas:
  - serializedVersion: 2
    x: 0.06460667
    y: 0.6806288
    width: 2.58
    height: 1.0622265
  - serializedVersion: 2
    x: 2.41
    y: 0.8288462
    width: 1.26
    height: 0.27173257
  - serializedVersion: 2
    x: 3.5477214
    y: 0.8535495
    width: 1.7786117
    height: 2.470294
  - serializedVersion: 2
    x: 3.8194542
    y: 2.86
    width: 7.31207
    height: 0.64
  - serializedVersion: 2
    x: 9.03
    y: 0.85
    width: 2.16
    height: 2.36
  - serializedVersion: 2
    x: 4.980492
    y: 0.95236087
    width: 4.0759845
    height: 1.1610384
  - serializedVersion: 2
    x: 11.02
    y: 0.87825227
    width: 3.7
    height: 0.46935582
  - serializedVersion: 2
    x: 11.551449
    y: 1.9898884
    width: 0.049427032
    height: 0.0000034570694
  - serializedVersion: 2
    x: 11.02
    y: 1.2241023
    width: 2.6
    height: 0.7410865
  - serializedVersion: 2
    x: 11.02
    y: 1.8169715
    width: 3.7
    height: 0.37054324
  - serializedVersion: 2
    x: 2.2529273
    y: 1.5678179
    width: 1.4152122
    height: 0.67036366
  - serializedVersion: 2
    x: 10.89
    y: 3.23
    width: 1.8372927
    height: 0.58
--- !u!1 &1573111744
GameObject:
  m_ObjectHideFlags: 0
  m_PrefabParentObject: {fileID: 0}
  m_PrefabInternal: {fileID: 0}
  serializedVersion: 5
  m_Component:
  - component: {fileID: 1573111745}
  - component: {fileID: 1573111748}
  - component: {fileID: 1573111747}
  - component: {fileID: 1573111746}
  m_Layer: 0
  m_Name: SequenceFailed
  m_TagString: Untagged
  m_Icon: {fileID: 0}
  m_NavMeshLayer: 0
  m_StaticEditorFlags: 0
  m_IsActive: 1
--- !u!4 &1573111745
Transform:
  m_ObjectHideFlags: 0
  m_PrefabParentObject: {fileID: 0}
  m_PrefabInternal: {fileID: 0}
  m_GameObject: {fileID: 1573111744}
  m_LocalRotation: {x: 0, y: 0, z: 0, w: 1}
  m_LocalPosition: {x: 6.13, y: 3.695, z: 0}
  m_LocalScale: {x: 1, y: 1, z: 1}
  m_Children: []
  m_Father: {fileID: 0}
  m_RootOrder: 8
  m_LocalEulerAnglesHint: {x: 0, y: 0, z: 0}
--- !u!114 &1573111746
MonoBehaviour:
  m_ObjectHideFlags: 0
  m_PrefabParentObject: {fileID: 0}
  m_PrefabInternal: {fileID: 0}
  m_GameObject: {fileID: 1573111744}
  m_Enabled: 1
  m_EditorHideFlags: 0
  m_Script: {fileID: 11500000, guid: 31aaa318fd9af90428714cd0ebc95d99, type: 3}
  m_Name: 
  m_EditorClassIdentifier: 
  LeftAction: 0
  RightAction: 1
  Name: Unknown
  InteractText: Unknown Interacttext
  ListenText: Unknown Listentext
  UnlockKey: 
  IsInteractable: 1
  MaxInteractDistance: 2.5
  FailMessage: []
  headSprite: {fileID: 0}
  textSpeed: 0.04
  cancelDistance: 20
  dialogueFlow: []
  playerLeaveLines: []
  playerReturnLines: []
  playerTooLongLines: []
  Followup: {fileID: 0}
  Voice: {fileID: 0}
  textColor: {r: 0, g: 0, b: 0, a: 0}
  tonePitch: 1
--- !u!114 &1573111747
MonoBehaviour:
  m_ObjectHideFlags: 0
  m_PrefabParentObject: {fileID: 0}
  m_PrefabInternal: {fileID: 0}
  m_GameObject: {fileID: 1573111744}
  m_Enabled: 1
  m_EditorHideFlags: 0
  m_Script: {fileID: 11500000, guid: 145dc749e209caa4dae684bfe5a7393c, type: 3}
  m_Name: 
  m_EditorClassIdentifier: 
  DialogId: 
  HeadSprite: {fileID: 21300000, guid: 572912f145bc77e4f8da5240a4245361, type: 3}
  dialogueFlow:
  - No... no that's not quite right.
  Name: 
  FollowUp: {fileID: 0}
  IsStart: 1
  DisplayName: 
  Voice: {fileID: 0}
  textColor: {r: 0, g: 0, b: 0, a: 1}
  tonePitch: 1
  MaxInteractDistance: 2.5
--- !u!61 &1573111748
BoxCollider2D:
  m_ObjectHideFlags: 0
  m_PrefabParentObject: {fileID: 0}
  m_PrefabInternal: {fileID: 0}
  m_GameObject: {fileID: 1573111744}
  m_Enabled: 0
  m_Density: 1
  m_Material: {fileID: 0}
  m_IsTrigger: 0
  m_UsedByEffector: 0
  m_Offset: {x: 0, y: 0}
  serializedVersion: 2
  m_Size: {x: 1, y: 1}
--- !u!1 &1796900733
GameObject:
  m_ObjectHideFlags: 0
  m_PrefabParentObject: {fileID: 0}
  m_PrefabInternal: {fileID: 0}
  serializedVersion: 5
  m_Component:
  - component: {fileID: 1796900734}
  - component: {fileID: 1796900735}
  m_Layer: 0
  m_Name: Character
  m_TagString: Untagged
  m_Icon: {fileID: 0}
  m_NavMeshLayer: 0
  m_StaticEditorFlags: 0
  m_IsActive: 1
--- !u!4 &1796900734
Transform:
  m_ObjectHideFlags: 0
  m_PrefabParentObject: {fileID: 0}
  m_PrefabInternal: {fileID: 0}
  m_GameObject: {fileID: 1796900733}
  m_LocalRotation: {x: 0, y: 0, z: 0, w: 1}
  m_LocalPosition: {x: 7.63, y: 1.41, z: 0}
  m_LocalScale: {x: 1, y: 1, z: 1}
  m_Children:
  - {fileID: 279476243}
  m_Father: {fileID: 0}
  m_RootOrder: 4
  m_LocalEulerAnglesHint: {x: 0, y: 0, z: 0}
--- !u!114 &1796900735
MonoBehaviour:
  m_ObjectHideFlags: 0
  m_PrefabParentObject: {fileID: 0}
  m_PrefabInternal: {fileID: 0}
  m_GameObject: {fileID: 1796900733}
  m_Enabled: 1
  m_EditorHideFlags: 0
  m_Script: {fileID: 11500000, guid: 4a1610e98c1024e99944480f3067ba38, type: 3}
  m_Name: 
  m_EditorClassIdentifier: 
  animator: {fileID: 279476245}
  moveSpeed: 2
  path: []
  AllowedToMove: 1
--- !u!1001 &1947672632
Prefab:
  m_ObjectHideFlags: 0
  serializedVersion: 2
  m_Modification:
    m_TransformParent: {fileID: 0}
    m_Modifications:
    - target: {fileID: 4000013543477050, guid: 8e33fa41e3aacab4593bd8debe5e0b40, type: 2}
      propertyPath: m_LocalPosition.x
      value: 0
      objectReference: {fileID: 0}
    - target: {fileID: 4000013543477050, guid: 8e33fa41e3aacab4593bd8debe5e0b40, type: 2}
      propertyPath: m_LocalPosition.y
      value: 0
      objectReference: {fileID: 0}
    - target: {fileID: 4000013543477050, guid: 8e33fa41e3aacab4593bd8debe5e0b40, type: 2}
      propertyPath: m_LocalPosition.z
      value: 0
      objectReference: {fileID: 0}
    - target: {fileID: 4000013543477050, guid: 8e33fa41e3aacab4593bd8debe5e0b40, type: 2}
      propertyPath: m_LocalRotation.x
      value: 0
      objectReference: {fileID: 0}
    - target: {fileID: 4000013543477050, guid: 8e33fa41e3aacab4593bd8debe5e0b40, type: 2}
      propertyPath: m_LocalRotation.y
      value: 0
      objectReference: {fileID: 0}
    - target: {fileID: 4000013543477050, guid: 8e33fa41e3aacab4593bd8debe5e0b40, type: 2}
      propertyPath: m_LocalRotation.z
      value: 0
      objectReference: {fileID: 0}
    - target: {fileID: 4000013543477050, guid: 8e33fa41e3aacab4593bd8debe5e0b40, type: 2}
      propertyPath: m_LocalRotation.w
      value: 1
      objectReference: {fileID: 0}
    - target: {fileID: 4000013543477050, guid: 8e33fa41e3aacab4593bd8debe5e0b40, type: 2}
      propertyPath: m_RootOrder
      value: 1
      objectReference: {fileID: 0}
    - target: {fileID: 114000013345414622, guid: 8e33fa41e3aacab4593bd8debe5e0b40,
        type: 2}
      propertyPath: inventory.inventorySize
      value: 4
      objectReference: {fileID: 0}
    m_RemovedComponents: []
  m_ParentPrefab: {fileID: 100100000, guid: 8e33fa41e3aacab4593bd8debe5e0b40, type: 2}
  m_IsPrefabParent: 0
--- !u!1 &1983826057
GameObject:
  m_ObjectHideFlags: 0
  m_PrefabParentObject: {fileID: 0}
  m_PrefabInternal: {fileID: 0}
  serializedVersion: 5
  m_Component:
  - component: {fileID: 1983826058}
  - component: {fileID: 1983826060}
  - component: {fileID: 1983826059}
  - component: {fileID: 1983826061}
  m_Layer: 0
  m_Name: DialogFail
  m_TagString: Untagged
  m_Icon: {fileID: 0}
  m_NavMeshLayer: 0
  m_StaticEditorFlags: 0
  m_IsActive: 1
--- !u!4 &1983826058
Transform:
  m_ObjectHideFlags: 0
  m_PrefabParentObject: {fileID: 0}
  m_PrefabInternal: {fileID: 0}
  m_GameObject: {fileID: 1983826057}
  m_LocalRotation: {x: -0, y: -0, z: -0, w: 1}
  m_LocalPosition: {x: 0, y: 0, z: 0}
  m_LocalScale: {x: 1, y: 1, z: 1}
  m_Children: []
  m_Father: {fileID: 1269082682}
  m_RootOrder: 0
  m_LocalEulerAnglesHint: {x: 0, y: 0, z: 0}
--- !u!114 &1983826059
MonoBehaviour:
  m_ObjectHideFlags: 0
  m_PrefabParentObject: {fileID: 0}
  m_PrefabInternal: {fileID: 0}
  m_GameObject: {fileID: 1983826057}
  m_Enabled: 1
  m_EditorHideFlags: 0
  m_Script: {fileID: 11500000, guid: 145dc749e209caa4dae684bfe5a7393c, type: 3}
  m_Name: 
  m_EditorClassIdentifier: 
  DialogId: 
  HeadSprite: {fileID: 21300000, guid: 07d13acd05828734590d5de279d125b1, type: 3}
  dialogueFlow:
  - My tape recorder is full...
  Name: <color="#FFA500">Zache</color>
  FollowUp: {fileID: 0}
  IsStart: 1
  DisplayName: Zache
  Voice: {fileID: 0}
  textColor: {r: 0, g: 0, b: 0, a: 1}
  tonePitch: 1
  MaxInteractDistance: 2.5
--- !u!61 &1983826060
BoxCollider2D:
  m_ObjectHideFlags: 0
  m_PrefabParentObject: {fileID: 0}
  m_PrefabInternal: {fileID: 0}
  m_GameObject: {fileID: 1983826057}
  m_Enabled: 0
  m_Density: 1
  m_Material: {fileID: 0}
  m_IsTrigger: 0
  m_UsedByEffector: 0
  m_Offset: {x: 0, y: 0}
  serializedVersion: 2
  m_Size: {x: 0.0001, y: 0.0001}
--- !u!114 &1983826061
MonoBehaviour:
  m_ObjectHideFlags: 0
  m_PrefabParentObject: {fileID: 0}
  m_PrefabInternal: {fileID: 0}
  m_GameObject: {fileID: 1983826057}
  m_Enabled: 1
  m_EditorHideFlags: 0
  m_Script: {fileID: 11500000, guid: 31aaa318fd9af90428714cd0ebc95d99, type: 3}
  m_Name: 
  m_EditorClassIdentifier: 
  LeftAction: 0
  RightAction: 1
  Name: Unknown
  InteractText: Unknown Interacttext
  ListenText: Unknown Listentext
  UnlockKey: 
  IsInteractable: 0
  MaxInteractDistance: 2.5
  FailMessage: []
  headSprite: {fileID: 0}
  textSpeed: 0.04
  cancelDistance: 20
  dialogueFlow: []
  playerLeaveLines: []
  playerReturnLines: []
  playerTooLongLines: []
  Followup: {fileID: 0}
  Voice: {fileID: 0}
  textColor: {r: 0, g: 0, b: 0, a: 1}
  tonePitch: 1
